2382 2982
1031 208 1343 250 ...17-

253 336 361 384 Quae
387 342 470 374 cum
496 331 550 374 ita
574 331 669 385 sint,
703 331 898 385 repetitum
926 331 1114 386 Apollinis
1139 346 1345 385 cogno-en
1370 332 1559 385 glossema
1595 348 1679 373 esse
1704 332 1789 384 quis
1824 344 1881 373 est
1915 337 2004 387 quin
2031 338 2119 376 ilico

250 405 419 447 sentiat?
491 405 689 447 Pristinam
725 405 842 459 igitur
873 404 987 445 totius
1021 402 1096 444 loci
1115 404 1294 464 Jspeciem
1333 406 1449 448 ascita
1483 416 1521 448 et
1557 405 1717 448 Stanleii
1749 404 1864 453 ἆῖτὰς
1895 415 1934 447 et
1959 407 2119 450 Seidleri

252 483 419 531 Ληθωῒς
443 478 651 519 coniectura
677 479 845 532 suspicor
870 476 1058 516 exstitisse
1083 475 1204 515 banca

682 622 748 657 καὶ
772 618 819 658 σὺ
845 614 984 658 Λύκει’
1017 617 1122 663 ἄναξ
1154 619 1302 670 στρατῷ
1338 618 1445 671 δαΐῳ

683 701 828 740 στόνων
863 697 980 744 ἆϊτὰξ
1007 702 1141 747 γενοῦ·
1200 702 1368 746 Λαθωΐς

686 797 726 821 τε
751 782 872 832 κοῦροι
904 781 1018 828 τόξον
1044 778 1089 819 εὖ
1112 780 1298 827 πυκάζου.

250 926 410 968 nativus
436 926 583 983 στρατῶ
607 924 706 978 daim
732 922 781 962 ad
809 935 936 962 vocem
963 923 1104 965 Λύκει’
1121 923 1290 976 pertinet
1326 923 1566 976 virginesque
1593 922 1798 964 Thebanae
1834 924 1928 965 baec
1964 938 2122 979 precan-

250 1008 332 1039 tur:
360 998 471 1038 etiam
498 1005 538 1036 tu
565 1010 632 1036 rex
659 993 809 1059 Lupine
834 994 862 1035 i.
890 1008 925 1035 e.
950 993 1100 1035 inimice
1127 995 1307 1036 exercitui
1333 995 1464 1038 hostili
1490 996 1577 1048 (και
1603 995 1651 1036 σὺ
1677 996 1821 1037 Λύκει’
1847 999 1953 1046 ἄναξ
1977 1000 2125 1051 στρατῷ

248 1070 366 1130 δαΐῳ)
393 1066 532 1109 exaudi
556 1065 837 1112 lamentationes
863 1074 1022 1106 nostras.
1075 1067 1159 1105 Hoc
1184 1065 1294 1107 modo
1320 1065 1387 1118 qui
1412 1074 1528 1107 totum
1553 1068 1677 1108 locum
1704 1067 1967 1121 explicaverit,
2004 1068 2122 1120 origi-

249 1157 334 1182 nem
363 1140 476 1181 simul
502 1138 708 1191 scripturae
735 1139 910 1190 vulgatae
936 1137 1182 1191 perspexerit.
1236 1137 1413 1178 Dativurn
1439 1138 1537 1177 enim
1565 1141 1717 1194 στρατοῖ
1741 1141 1840 1194 δαΐῳ
1875 1150 2005 1194 aptum
2038 1154 2123 1180 esse

248 1229 297 1254 ex
322 1226 413 1255 voce
437 1210 573 1253 Λύκει’
598 1209 740 1261 fugisse
766 1210 912 1250 videtur
936 1209 1134 1250 librarios:
1157 1210 1378 1262 'explicandi
1403 1210 1518 1262 igitur
1543 1224 1676 1250 caussa
1710 1221 1799 1251 ante
1824 1212 1982 1251 eundem
2021 1212 2120 1251 dati-

249 1298 335 1325 vum
371 1281 526 1323 coniicio
571 1279 694 1333 posita
730 1279 848 1319 fuisse
883 1280 998 1319 verba
1011 1294 1024 1319 τ
1070 1281 1237 1328 Λύκειος
1281 1282 1420 1331 γενοῦ,
1471 1292 1568 1332 quae
1614 1294 1697 1330 cum
1734 1290 1864 1335 postea
1900 1282 1939 1322 in
1977 1291 2118 1322 textum

249 1354 494 1408 irrepsissent,
520 1352 674 1391 alterum
701 1354 819 1401 γενοῦ
844 1350 996 1390 excidit.
1063 1354 1172 1398 Quae
1197 1351 1321 1391 omnia
1357 1366 1432 1390 non
1468 1365 1673 1391 narrarrem
1710 1353 1750 1391 in
1787 1368 1827 1392 re
1861 1364 1936 1393 tam
1974 1365 2118 1407 aperta,

250 1425 323 1466 nisi
349 1437 495 1464 omnem
521 1423 654 1463 vellem
689 1422 819 1462 tollere
846 1420 1135 1473 dubitationem,
1162 1435 1260 1475 quae
1295 1422 1435 1470 moveri
1468 1422 1515 1461 de
1541 1422 1828 1475 transpositione
1854 1424 1968 1486 ‘verbi
2003 1429 2121 1474 γενοῦ

250 1507 389 1552 posset·

357 1635 456 1677 Hinc
481 1636 593 1678 simul
621 1644 796 1692 apparet,
825 1643 1054 1690 quantopere
1090 1634 1209 1676 salsus
1236 1634 1297 1684 fsit
1322 1633 1539 1677 Dindorfius
1565 1636 1661 1678 hanc
1699 1635 1989 1678 emendationem
2017 1652 2119 1679 com·

249 1708 450 1748 mendane:

682 1764 747 1799 καὶ
772 1759 836 1806 σὺ,
863 1759 1001 1799 Λύκει’
1029 1759 1149 1807 ἄναξ,
1180 1761 1346 1806 ’Λύκειος
1376 1761 1494 1807 γενοῦ

681 1844 828 1896 στρατῷ
853 1841 950 1893 δαΐῳ
973 1838 1118 1879 στόνων
1150 1841 1405 1885 καππαύτας·

251 1976 317 2041 qui
343 2001 410 2028 nec
435 1985 621 2039 glossema
645 2001 729 2028 esse
753 1987 912 2029 alterum
937 1973 1104 2035 Λύκειος
1135 1984 1368 2041 perspexerit
1402 1994 1440 2026 et
1464 1999 1533 2039 pro
1561 1984 1676 2034 α’ϊτᾶς
1701 1985 1999 2040 improbabiliter
2025 1999 2116 2026 con·

250 2059 379 2100 iecerit
404 2059 642 2105 καππαύτας
668 2072 796 2098 vocem
823 2046 1001 2111 doricam,
1030 2073 1127 2112 quae
1151 2073 1280 2099 vereor
1305 2067 1346 2098 ut
1371 2058 1420 2098 sit
1444 2057 1594 2098 omnino
1622 2059 1841 2112 Aeschylia.
1879 2080 1931 2088 —

258 2142 278 2157 Δ

355 2202 416 2239 De
441 2196 595 2250 reliquis
626 2194 738 2236 huius
773 2196 907 2249 parodi
943 2189 1227 2239 difficultatibus
1262 2197 1380 2238 veluti
1415 2196 1463 2238 de
1489 2211 1527 2240 v·
1561 2197 1641 2239 108
1665 2212 1751 2251 sqq.
1788 2206 1825 2237 et
1856 2211 1894 2238 v.
1921 2197 2000 2238 123
2034 2211 2120 2238 curn

251 2285 350 2310 nunc
375 2280 497 2312 tacere
523 2284 634 2323 qnam
658 2266 885 2308 comminisci
921 2283 995 2309 non
1031 2269 1133 2318 omni
1165 2284 1215 2311 ex
1240 2278 1347 2323 perte
1370 2283 1462 2311 vera
1489 2270 1653 2324 malim,
1688 2271 1740 2312 ad
1774 2270 1933 2325 altern-
1967 2283 2118 2310 car-eu

252 2330 440 2382 eboricum
466 2341 623 2384 transire
647 2340 687 2381 in
712 2338 835 2380 animo
860 2347 932 2381 est.
985 2338 1105 2381 Cuius
1130 2327 1282 2393 quidem
1308 2338 1483 2382 carminis
1515 2341 1665 2385 initium
1699 2341 1792 2385 inde
1816 2356 1842 2383 a
1867 2356 1906 2385 v·
1931 2341 2011 2383 269
2036 2349 2118 2386 Μ·

251 2413 416 2470 pissimis
440 2414 544 2465 vitiis
568 2413 798 2476 inquinatum
822 2411 878 2453 sic
902 2411 1081 2472 exhibere
1105 2426 1181 2454 non
1206 2411 1342 2468 puduit
1366 2414 1653 2481 qulanerumz

682 2536 805 2589 μέλει,
831 2524 941 2590 φόβῳ
965 2532 1008 2575 δ’
1035 2531 1108 2587 οὔχ
1138 2528 1337 2577 ὑπνώσσει
1361 2537 1469 2588 κέαρ·
