2382 2982
1017 221 1328 264 ...14-

225 347 318 386 adeo
352 345 426 384 sibi
462 360 535 385 non
574 354 742 386 constant
780 355 818 384 ut
857 345 970 384 multo
1007 343 1182 383 maiorem
1220 343 1415 385 audaciam
1453 344 1726 385 exosculantes·
1751 345 1868 388 mirisv
1892 347 2109 402 explicandi

223 419 391 458 artificiis
429 429 465 457 et
502 418 768 470 interpretandi
807 416 1019 469 praestigiis
1062 414 1374 467 insolentissima„
1393 429 1565 467 quaeque
1602 417 1699 457 male
1744 416 1888 458 creduli
1928 428 2107 460 excusent

225 503 435 543 temereque
462 491 661 531 defendant
688 503 783 541 quae
808 503 877 528 nec
903 487 1003 528 dicta
1028 496 1114 540 sunt
1139 500 1302 540 unquam
1322 500 1393 525 nec
1419 497 1619 541 potuerunt
1644 487 1763 536 dici‚'
1800 510 1852 521 -

331 634 483 685 Operae
508 630 623 683 igitur
647 628 804 683 pretium
831 629 996 669 facturus
1031 642 1115 670 esse
1150 626 1243 668 mibi
1280 627 1435 677 videor,
1472 627 1505 667 si
1543 627 1581 667 in
1608 630 1760 683 Septem
1798 637 1926 671 contra
1953 630 2108 673 Thebas

225 705 300 745 loci
327 703 536 743 difficillimi
563 712 598 741 et
625 712 754 754 aperte
781 701 944 755 corrupti
971 702 1036 754 qui
1051 702 1251 753 leguntur,
1278 715 1344 741 eos
1372 701 1616 754 probabiliter
1641 701 1873 742 emendando
1899 703 1950 743 ad
1977 717 2105 745 sanam

225 779 402 819 rationem
431 787 665 815 revocavero.
718 774 923 814 Audaciam
951 784 1074 814 autem
1101 772 1325 812 emendandi
1349 786 1432 812 cum
1459 787 1572 826 supra
1600 773 1702 820 dixi,
1730 788 1803 812 non
1831 775 1959 815 hercle
1996 776 2102 827 eogi-

225 850 300 890 tavi
326 850 373 887 de
399 847 603 902 temeritate
630 847 852 895 Bathinus„
873 847 939 887 sed
977 847 1024 886 de
1063 860 1110 886 ea
1145 844 1322 895 audacia,
1360 860 1459 898 quae
1493 845 1555 885 via
1588 859 1633 886 ac
1665 848 1808 888 ratione
1843 858 2030 889 coercetur
2063 858 2100 889 et

223 920 361 962 severis
388 919 478 959 artis
505 918 656 958 criticae
682 919 828 969 legibus
855 919 995 959 nititur.
1024 940 1074 948 -—

328 1063 379 1103 Et
403 1058 547 1100 initium
574 1057 723 1111 quidem
753 1058 874 1098 liabeo
900 1072 966 1098 cnr
991 1070 1133 1098 sumam
1160 1070 1185 1098 a
1211 1057 1354 1112 pareds
1391 1058 1459 1100 illa
1485 1071 1559 1098 non
1586 1072 1697 1099 unam
1736 1060 1786 1101 ab
1823 1074 1992 1102 caussam
2021 1076 2102 1102 me-

223 1133 411 1182 morabili,
437 1145 511 1186 qua
537 1131 637 1170 haud
662 1132 738 1170 scio
766 1145 812 1170 an
841 1131 983 1169 nullum
1011 1130 1059 1169 sit
1086 1143 1233 1170 carmen
1261 1129 1450 1171 choricnm
1477 1130 1655 1185 Aeschyli
1683 1132 1731 1171 ad
1759 1133 1996 1174 factitandum
2024 1134 2099 1174 cri-

224 1209 332 1248 ticam
364 1203 686 1246 accommodatius.

324 1343 486 1386 Primum
507 1352 629 1385 antem
646 1342 809 1385 rationes
826 1343 1001 1385 metricae
1017 1342 1171 1385 nimium
1194 1352 1373 1398 quantum
1390 1352 1574 1386 vexarunt
1592 1343 1751 1397 criticos,
1778 1359 1935 1400 quornm
1956 1347 2099 1403 primus

220 1417 412 1458 Seidlerus
432 1417 479 1456 de
500 1431 614 1457 verss.
638 1417 785 1457 dochm.
807 1432 846 1470 p.
862 1417 932 1457 181
954 1431 1038 1470 sqq.
1060 1408 1338 1471 responsionem
1369 1415 1674 1471 antistropliica'm
1699 1433 1858 1473 eamque
1894 1418 1985 1460 satis
2010 1434 2099 1472 pro·
2150 1463 2156 1467 ‚

219 1488 383 1530 habilem
402 1488 609 1539 indagavit.
649 1489 790 1529 Eadem
808 1489 884 1536 via,
901 1502 1013 1541 quam
1031 1488 1161 1529 dubito
1179 1502 1266 1528 num
1284 1496 1384 1528 recte
1396 1487 1645 1540 exagitaverit
1666 1494 1902 1531 Hermannus
1921 1490 1959 1530 in
1974 1493 2097 1533 Elem.

220 1577 261 1616 p.
279 1562 369 1611 751,
390 1573 464 1599 non
490 1568 690 1612 potuerunt
714 1573 789 1598 non
815 1560 985 1599 insistere
1011 1559 1254 1599 recentissimi
1280 1559 1410 1609 critici,
1437 1559 1736 1612 quandoquidem
1760 1572 1861 1603 oerta
1880 1563 2094 1615 responsio-

220 1635 279 1674 nis
306 1632 464 1683 restigia
490 1642 666 1683 tanquam
693 1633 884 1674 incurrunt
909 1631 948 1672 in
975 1631 1116 1673 oculos.
1168 1630 1270 1672 Huic
1296 1631 1504 1686 quaestioni
1529 1630 1684 1673 finitima
1721 1642 1777 1674 est
1803 1647 1846 1676 ea
1862 1663 1875 1685 ,
1911 1649 2009 1688 quac
2048 1635 2096 1677 ad

222 1718 414 1745 numerum
441 1717 682 1758 personarum
709 1702 1079 1756 distributionemque
1098 1702 1217 1756 ipsam
1238 1701 1413 1742 carminis
1436 1702 1613 1757 pertinet:
1641 1705 1823 1757 quaedam
1851 1706 1947 1745 enim
1972 1716 2096 1761 partes

222 1776 353 1828 parodi
383 1777 571 1826 quaeritur
597 1776 805 1826 singulisne
832 1774 999 1827 personis
1026 1789 1072 1814 an
1101 1774 1272 1814 universo
1308 1775 1421 1813 cboro
1456 1775 1530 1814 sint
1567 1775 1798 1817 tribuendae.
1853 1781 1989 1818 Totum
2025 1779 2096 1819 hoc

221 1848 335 1900 quale
354 1847 415 1895 sit,
444 1846 608 1886 dilucide
626 1845 795 1898 expediit
809 1842 1053 1886 Ritscheliust
1081 1845 1147 1898 qui
1169 1845 1317 1899 quidem
1333 1847 1413 1885 XV
1438 1859 1678 1899 personarum
1698 1860 1852 1887 numero
1873 1847 2094 1902 investigato

220 1930 257 1960 et
283 1920 508 1959 emendandi
537 1929 572 1958 et
599 1917 818 1970 disponendi
842 1918 1014 1957 carminis
1041 1928 1176 1957 rectam
1203 1918 1302 1957 viam
1329 1918 1471 1971 primns
1498 1918 1731 1960 monstravit.
1785 1920 1847 1960 Ab
1873 1921 2001 1961 eadem
2030 1936 2094 1962 ra·
2178 1971 2181 1973 ι

218 1993 471 2042 tiocinatione,
500 2007 611 2045 quam
637 2007 726 2033 suae
752 1991 799 2031 dc
826 1991 1038 2046 Aescliyliis
1064 1991 1287 2046 antistropli.
1314 2006 1503 2046 responsa.
1530 1991 1826 2033 commentationi
1862 2008 1903 2049 p.
1929 1996 1983 2036 ³6
2008 2009 2091 2048 sqq.

218 2069 390 2118 Engerus
417 2064 584 2115 inseruit,
612 2074 783 2116 tanquam
811 2078 834 2103 a
861 2063 1099 2103 fundamento
1125 2063 1309 2118 proficisci
1336 2063 1447 2103 velim
1473 2077 1560 2111 eos,
1588 2063 1652 2116 qui
1683 2064 1721 2104 in
1761 2064 1994 2105 emendanda
2020 2065 2091 2106 hac

217 2140 359 2193 parodo
387 2139 461 2179 sint
487 2137 726 2177 elaboraturi.
781 2140 985 2190 Corruptos
1011 2147 1133 2177 autem
1160 2137 1371 2176 etiamnunc
1396 2146 1481 2190 post
1506 2146 1559 2177 tot
1580 2146 1729 2190 tamque
1755 2151 1860 2178 acres
1882 2136 2089 2177 criticorum

216 2226 325 2252 curas
352 2212 389 2251 in
419 2225 464 2250 eo
491 2208 654 2249 camnine
680 2209 805 2262 plures
830 2209 954 2249 inesse
985 2209 1086 2249 locos
1112 2207 1195 2262 ipse
1220 2208 1447 2249 Ritscbelius
1478 2217 1620 2249 tantum
1661 2208 1769 2250 abest
1806 2217 1848 2249 ut
1884 2207 2088 2259 negaverit,

215 2293 256 2323 ut
284 2299 356 2334 qua
386 2282 533 2322 tandem
562 2281 623 2320 via
651 2281 843 2320 mecedem
870 2281 1095 2332 singulorum
1124 2294 1295 2322 versuum
1324 2280 1533 2321 emendatio
1561 2281 1694 2334 possit,
1721 2282 1881 2335 probare
1907 2279 2087 2320 studuerit

214 2371 250 2411 p.
281 2358 334 2396 37
363 2356 387 2394 Ι.
417 2368 473 2393 c.:
502 2353 541 2392 id
570 2352 669 2406 quod
697 2352 864 2406 pluribus
890 2361 1103 2406 persecutus
1131 2361 1188 2394 est
1213 2355 1385 2407 Engerns
1419 2367 1458 2407 p.
1487 2351 1541 2393 47
1573 2367 1658 2406 sqq.

314 2498 355 2537 ln
384 2493 568 2536 eiusmodi
596 2493 871 2546 desperatorum
898 2492 1059 2535 locorum
1087 2507 1240 2536 numero
1266 2492 1462 2535 habendus
1490 2468 1546 2534 est
1572 2505 1609 2533 ν.
1636 2489 1691 2531 88
1718 2489 1849 2532 mirum
1873 2489 1910 2532 in
1935 2490 2082 2534 modum

212 2579 414 2621 cotruptus,
442 2568 508 2608 sed
537 2568 584 2606 de
611 2568 716 2606 cuius
744 2566 844 2605 vitiis
873 2568 1089 2606 Wellauero
1117 2582 1164 2607 ne
1190 2567 1396 2607 suboluerit
1422 2566 1571 2618 quiden
1605 2563 1830 2615 quicquam=
