2382 2982
1029 233 1338 277 -ffl-

242 377 324 406 esse
350 361 483 415 nequit
510 360 602 415 quin
629 358 788 402 feliciter
814 357 983 401 restituta
1009 356 1072 400 sit.
1125 354 1291 400 Eandem
1321 352 1516 395 dictionem
1550 352 1686 404 habes,
1722 367 1771 394 ne
1806 353 1916 408 plura
1952 350 2118 401 afferam,

244 437 382 488 Agam.
408 447 447 474 v.
474 433 556 473 229

684 539 779 587 βίᾳ
804 537 973 587 χαλινῶν
998 534 1038 576 τ’
1071 533 1229 587 ἀναύδῳ
1266 535 1387 583 μένει.

369 661 477 700 Alter
502 659 667 699 eiusdem
699 655 831 711 parodi
857 656 959 695 locus
994 656 1155 695 nondum
1193 669 1215 693 a
1252 666 1438 707 quoquam
1475 663 1573 694 recte
1609 660 1830 706 persanatus
1863 651 2001 701 legitur
2035 650 2123 689 inde

252 749 276 775 a
302 749 339 775 v.
370 732 623 773 131—1362
651 746 745 783 quos
771 727 919 781 quidem
947 743 1074 769 versus
1101 728 1344 782 Weiiauerus
1371 727 1866 781 qnalencunqueiibrorunt
1890 740 1978 767 mss.
2008 738 2123 777 squa-

252 805 369 845 lorem
386 803 506 858 pluris
531 816 646 856 quarn
672 816 800 843 sanam
827 800 1004 841 rationem
1031 799 1171 841 faciens
1198 799 1297 840 hunc
1323 800 1362 841 in
1390 800 1539 841 modum
1567 798 1758 841 exhibuit:

691 925 757 963 καὶ
782 920 829 962 σὺ
854 918 995 962 Λύκει’
1022 920 1147 969 ἄναξ,
1173 922 1342 968 Λύκειος
1366 923 1483 971 γενοῦ

694 1005 841 1059 στρατῷ
877 1003 975 1056 δαΐῳ
1008 1003 1154 1045 στόνων
1190 1003 1218 1043 α’
1231 1009 1255 1043 ὕ
1268 1005 1329 1044 τᾶ
1341 1019 1361 1051 ς

689 1087 737 1127 σύ
764 1089 802 1126 τ’
828 1085 859 1125 ὦ
882 1088 1124 1138 Λητογένεια
1149 1088 1292 1139 κοῦρα,

687 1168 803 1216 τόξον
829 1167 872 1208 εὖ
897 1170 1087 1217 πυκάζου,

681 1250 840 1302 Ἄρτεμι
867 1252 978 1302 φίλα.

255 1378 330 1418 Sed
358 1378 396 1417 in
424 1377 484 1418 his
511 1377 621 1417 facile
648 1377 765 1429 liquet
792 1386 829 1417 et
855 1377 1057 1418 resecanda
1085 1392 1168 1418 esse
1195 1377 1387 1424 nonnulla,
1415 1377 1448 1418 si
1475 1392 1605 1417 versus
1632 1376 1840 1431 strophicos
1870 1377 1945 1415 117
1973 1397 2023 1406 -
2054 1374 2130 1412 120

253 1448 497 1501 spectaveris‚
537 1457 574 1485 et
610 1448 841 1487 emendanda
879 1449 1082 1500 quaedam,
1117 1450 1149 1488 si
1186 1450 1315 1502 pauno
1354 1448 1572 1500 diligentius
1600 1448 1702 1501 ipsos
1730 1445 2016 1498 antistrophicos
2045 1459 2127 1482 ver-

256 1535 320 1560 sus
347 1519 598 1571 inquisiveris.
651 1522 746 1559 Nam
774 1533 842 1558 nec
868 1520 1053 1570 genitivus
1081 1521 1201 1568 ἀϋτᾶς
1227 1535 1294 1560 nec
1321 1535 1431 1572 quem
1458 1522 1701 1561 Wellauerus
1729 1518 1941 1572 proposuit,
1974 1531 2128 1578 accusa-

257 1591 356 1629 tivus
392 1590 515 1637 ἆϋτὰς
561 1589 797 1643 perspicuum
833 1599 890 1628 est
936 1605 1010 1642 quo
1047 1591 1196 1630 tandem
1242 1600 1395 1644 spectet.
1480 1592 1604 1631 Multo
1649 1589 1883 1644 probabilius
1930 1587 2126 1628 emendare

258 1662 326 1701 hos
362 1675 490 1701 versus
526 1661 649 1700 conati
685 1670 770 1701 sunt
806 1662 996 1703 Stanleius
1031 1671 1069 1703 et
1104 1662 1319 1703 Seidierus:
1366 1662 1557 1704 Stanleius
1594 1662 1743 1719 quiden
1780 1674 1932 1716 prorsus
1968 1659 2127 1715 palmari

259 1734 465 1773 coniectura
493 1748 561 1785 pro
588 1734 710 1780 α’ὕτᾶς
734 1733 962 1774 substituens
998 1748 1126 1774 vocem
1159 1735 1272 1782 α’ΐτὰς
1303 1735 1528 1775 scholiorum
1565 1749 1713 1786 quoque
1749 1733 1957 1774 testimonio
1989 1732 2129 1771 confir—

260 1812 416 1850 matam:
445 1805 589 1845 στόνων
622 1803 762 1854 α’ϋτᾶς]
800 1806 875 1844 τῶν
908 1805 1097 1859 ἡμετέρων
1134 1807 1406 1858 στεναγμάτων
1443 1806 1654 1861 ἀκροατὴς,
1693 1803 1886 1845 Seidlerus
1921 1814 2044 1845 autern
2083 1803 2131 1843 de

260 1891 375 1916 verss.
404 1875 549 1915 dochm.
578 1890 617 1929 p.
646 1876 722 1916 185
748 1886 784 1916 et
813 1877 888 1917 196
915 1886 1031 1917 totum
1067 1887 1229 1931 systema
1269 1892 1343 1918 non
1379 1879 1460 1920 sine
1486 1888 1586 1919 certa
1611 1878 1674 1918 via
1700 1891 1745 1918 ac
1772 1877 1915 1929 ratione
1950 1877 2005 1917 sic
2035 1890 2125 1930 per-

257 1946 429 2002 poliens:

694 2055 759 2092 καὶ
784 2050 830 2092 σὺ
855 2051 1005 2092 Λύκει’,
1023 2054 1144 2103 ἄναξ,
1175 2054 1343 2102 Λύκειος
1367 2056 1487 2105 γενοῦ·

696 2135 839 2189 στρατῷ
864 2133 963 2189 δαΐῳ
986 2134 1144 2175 στόνων·
1178 2139 1397 2189 Ληθωΐς

696 2231 737 2254 τε
762 2220 880 2268 κοῦροι
912 2220 1028 2265 τόξον
1052 2218 1099 2259 ῖεῦ
1121 2220 1308 2266 πυκάζου.

257 2343 376 2396 Atqui
404 2357 474 2383 nec
516 2342 705 2394 genitivus
732 2346 876 2387 στόνων
901 2357 1002 2399 patet
1029 2348 1129 2388 unde
1155 2348 1335 2402 pendeat,
1376 2362 1445 2388 nec
1482 2339 1677 2401 quo-odo
1703 2346 1876 2387 excidere
1907 2360 1982 2386 vox
2016 2347 2134 2402 proba

253 2416 367 2466 ἅϊτὰς
403 2415 580 2471 potuerit.
635 2415 792 2456 Accedit
828 2420 926 2470 quod
954 2435 1106 2474 prorsus
1141 2421 1315 2461 abhorret
1347 2435 1370 2462 a
1397 2421 1609 2474 granditate
1635 2418 1935 2471 sublimiumque
1959 2419 2135 2462 orationis

254 2488 430 2545 Aeschyli
467 2498 542 2529 tam
575 2488 689 2529 exilis
721 2498 759 2529 et
785 2489 944 2532 omnium
971 2493 1149 2535 luminum
1179 2494 1405 2548 poeticorum
1440 2508 1578 2549 expers
1614 2490 1819 2534 sententia:
1860 2492 1999 2535 Λύκει’
2032 2495 2138 2545 ἄναξ

255 2563 421 2611 Λύκειος
454 2565 584 2613 γενοῦ.
