2382 2982
1014 216 1317 259 -11-

246 341 393 394 quidem
418 350 557 382 tantum
581 342 686 384 abest
710 348 753 382 ut
776 355 1047 398 supervacanea
1072 341 1138 393 sit,
1164 356 1209 406 ep
1234 343 1379 384 sublata
1404 352 1444 383 ut
1469 340 1564 383 iusto
1589 341 1663 382 line
1680 354 1803 382 carere
1832 353 1906 385 tota
1925 344 2070 400 trilogia

243 414 423 455 videatur.
474 414 664 467 Singulari
687 415 802 468 igitur
826 426 863 456 et
886 415 1148 470 propemodum
1173 415 1381 455 incredibili
1405 427 1528 455 errore
1559 414 1703 468 decepti
1728 423 1831 462 sunt,
1865 417 2070 471 quicunque

173 493 179 498 '
242 485 282 527 in
307 484 534 539 trilogiarum
561 487 837 543 Aeschyliarum
863 488 1038 530 rationem
1063 488 1287 541 inquirentes
1312 503 1360 529 ex
1386 488 1591 543 superstitis
1629 488 1777 528 fabulae
1812 489 2070 542 compositione

242 567 280 600 et
303 563 515 613 argumento
536 560 774 615 Oedipodeae
799 560 969 614 trilogiao
994 575 1126 601 nexum
1146 575 1217 601 uon
1244 570 1507 616 perspexerunt
1530 560 1639 601 talem
1665 560 1793 612 fuisse,
1818 560 1962 614 qualem
1981 562 2069 602 Flo-

241 632 382 674 rentiua
407 633 609 675 didascalia
642 634 804 677 exhibet.
856 639 929 676 Tot
953 634 1049 675 euim
1080 644 1226 688 tamque
1254 635 1439 675 luculenta
1465 635 1736 689 deperditarum
1770 634 1978 674 fabularum
2003 650 2069 675 ve·

241 703 351 759 stigia
375 704 415 746 iu
441 707 588 761 Septem
616 715 740 749 contra
766 707 927 756 Thebas,
953 706 1131 762 imprimis
1155 706 1194 748 in
1220 706 1378 748 secundo
1401 707 1564 749 eiusdem
1590 707 1737 748 fabulae
1758 705 1909 749 stasimo
1933 706 2021 747 inde
2046 722 2069 747 a

241 791 279 819 v.
295 778 374 818 7⁰2
398 786 572 831 tanquam
596 793 664 820 sua
688 788 818 835 sponte
843 793 884 820 se
909 779 1084 827 offerunt,
1111 787 1152 818 ut
1178 777 1411 819 coniectando
1436 780 1756 833 ratiocinandoque
1780 793 1830 820 ex
1848 778 1904 820 eis
1929 780 2068 834 proba-

241 852 364 892 biliter
389 852 469 892 erui
493 862 604 904 atque
628 853 837 893 adu-brari
863 853 972 892 totius
998 851 1166 902 trilogiae
1197 852 1313 891 forma
1345 862 1382 891 et
1417 853 1521 902 quasi
1546 852 1659 891 facies
1684 853 1818 904 possit,
1852 853 2067 905 praeserti-

241 938 322 967 cum
348 937 481 978 magno
506 922 613 966 nobis
638 923 710 966 sint
734 923 941 967 adiumento
965 922 1037 966 hac
1061 922 1100 965 in
1123 922 1336 978 quaestione
1362 922 1578 980 cyclicorum
1603 930 1791 978 poetarum
1819 923 2012 978 reliquiae.

340 1066 418 1108 Sed
442 1067 554 1121 plena
579 1066 689 1108 buius
715 1064 936 1120 quaestionis
961 1065 1141 1115 tractatio,
1178 1080 1287 1119 quam
1312 1081 1429 1121 nuper
1454 1064 1575 1118 attigit
1601 1064 1954 1117 Schneidewinw)
1988 1066 2068 1107 ool·

237 1139 409 1181 laudatus
433 1139 499 1180 ille
524 1152 549 1196 a
573 1136 835 1192 Welckero,²)
862 1151 944 1179 cum
975 1137 1133 1194 amplius
1158 1137 1230 1179 sibi
1254 1138 1411 1195 spatium
1436 1146 1565 1195 poscat
1585 1136 1772 1193 otiumque
1797 1137 1848 1179 ad
1865 1137 2067 1180 limandum

236 1226 333 1253 nunc
356 1211 514 1253 maxime
539 1211 646 1263 desit,
672 1211 924 1265 (necopinauti
949 1211 1045 1252 enim
1070 1211 1162 1252 mihi
1187 1211 1280 1252 baec
1303 1211 1567 1253 commentandi
1593 1211 1750 1252 facultas
1776 1211 1864 1252 data
1883 1213 1974 1265 est,)
1999 1226 2067 1267 per

207 1300 211 1307 ·
237 1284 514 1326 commodiorem
538 1284 693 1324 sortasse
724 1283 950 1325 occasionem
975 1283 1048 1323 buc
1073 1283 1160 1324 olim
1186 1285 1368 1327 rediturus
1391 1286 1431 1327 iu
1456 1299 1630 1340 praesens
1655 1283 1804 1337 quidem
1830 1274 1947 1324 satius
1973 1283 2066 1323 duxi

240 1356 469 1411 acquiescere
492 1356 533 1398 in
558 1355 715 1411 singulis
739 1355 831 1398 locis
843 1356 991 1411 Septem
1017 1365 1141 1399 contra
1161 1357 1310 1400 Thebas
1328 1357 1477 1400 fabulae
1501 1356 1654 1414 pristino
1678 1355 1789 1398 nitori
1812 1355 2063 1399 restituendis.

262 1538 301 1580 1)
330 1535 474 1572 Philol.
500 1537 566 1578 111,
588 1537 623 1572 2.
649 1535 739 1572 1848
761 1547 799 1583 p.
823 1536 893 1572 348
915 1545 1000 1582 sqq.
1025 1541 1065 1568 et
1087 1535 1134 1576 V,
1161 1538 1197 1571 1.
1224 1536 1366 1583 185o.p.
1391 1536 1460 1573 180
1482 1545 1567 1582 sqq.
1639 1535 1749 1582 Quae
1772 1535 1814 1569 in
1841 1532 1974 1580 priore
2009 1529 2063 1566 fa-

328 1591 475 1632 sciculo
498 1592 599 1630 inest
623 1588 912 1629 Schneidewini
939 1590 1230 1634 commentatio,
1256 1602 1339 1628 eam
1363 1588 1481 1628 doleo
1506 1588 1601 1628 mihi
1624 1602 1703 1628 non
1726 1587 1846 1628 fuisse
1869 1594 2039 1639 praesto.

258 1691 299 1735 2)
329 1689 355 1727 l.
380 1702 413 1727 c.
437 1702 475 1739 p.
504 1690 583 1728 318.
