<?xml version="1.0" encoding="UTF-8"?>
<!DOCTYPE html PUBLIC "-//W3C//DTD XHTML 1.0 Transitional//EN"
    "http://www.w3.org/TR/xhtml1/DTD/xhtml1-transitional.dtd">
<html xmlns="http://www.w3.org/1999/xhtml" xml:lang="en" lang="en">
 <head>
  <title>
</title>
<meta http-equiv="Content-Type" content="text/html;charset=utf-8" />
  <meta name='ocr-system' content='tesseract 3.04.00' />
  <meta name='ocr-capabilities' content='ocr_page ocr_carea ocr_par ocr_line ocrx_word'/>
</head>
<body>
  <div class='ocr_page' id='page_1' title='image "4770948_0012.png"; bbox 0 0 2382 2982; ppageno 0'>
   <div class='ocr_carea' id='block_1_1' title="bbox 1075 219 1350 261">
    <p class='ocr_par' dir='ltr' id='par_1_1' title="bbox 1075 219 1350 261">
     <span class='ocr_line' id='line_1_1' title="bbox 1075 219 1350 261; baseline 0 -12"><span class='ocrx_word' id='word_1_1' title='bbox 1075 219 1350 261; x_wconf 69' lang='lat'>...4-</span> 
     </span>
    </p>
   </div>
   <div class='ocr_carea' id='block_1_2' title="bbox 291 341 2133 1569">
    <p class='ocr_par' dir='ltr' id='par_1_2' title="bbox 291 341 2133 1569">
     <span class='ocr_line' id='line_1_2' title="bbox 291 341 2128 399; baseline 0.001 -14"><span class='ocrx_word' id='word_1_2' title='bbox 291 345 548 386; x_wconf 84' lang='lat' dir='ltr'>arbitrarentur</span> <span class='ocrx_word' id='word_1_3' title='bbox 572 341 747 383; x_wconf 71' lang='lat' dir='ltr'>contineri</span> <span class='ocrx_word' id='word_1_4' title='bbox 773 355 854 383; x_wconf 86' lang='lat' dir='ltr'>cum</span> <span class='ocrx_word' id='word_1_5' title='bbox 879 343 1020 397; x_wconf 89' lang='lat' dir='ltr'>reliqua</span> <span class='ocrx_word' id='word_1_6' title='bbox 1051 343 1162 385; x_wconf 88' lang='lat' dir='ltr'>totius</span> <span class='ocrx_word' id='word_1_7' title='bbox 1193 344 1404 399; x_wconf 74' lang='lat' dir='ltr'>tragoediae</span> <span class='ocrx_word' id='word_1_8' title='bbox 1435 343 1659 387; x_wconf 80' lang='lat' dir='ltr'>oeconomia.</span> <span class='ocrx_word' id='word_1_9' title='bbox 1723 343 1826 386; x_wconf 75' lang='lat' dir='ltr'>lde·</span> <span class='ocrx_word' id='word_1_10' title='bbox 1861 344 1950 386; x_wconf 81' lang='lat' dir='ltr'>vitio</span> <span class='ocrx_word' id='word_1_11' title='bbox 1987 354 2128 386; x_wconf 82' lang='lat' dir='ltr'>vertere</span> 
     </span>
     <span class='ocr_line' id='line_1_3' title="bbox 292 416 2128 472; baseline 0.001 -14"><span class='ocrx_word' id='word_1_12' title='bbox 292 429 425 472; x_wconf 85' lang='lat' dir='ltr'>poetae</span> <span class='ocrx_word' id='word_1_13' title='bbox 451 432 524 457; x_wconf 86' lang='lat' dir='ltr'>non</span> <span class='ocrx_word' id='word_1_14' title='bbox 551 416 778 465; x_wconf 82' lang='lat' dir='ltr'>dubitarunt,</span> <span class='ocrx_word' id='word_1_15' title='bbox 811 417 874 469; x_wconf 90' lang='lat' dir='ltr'>qui</span> <span class='ocrx_word' id='word_1_16' title='bbox 908 417 1003 457; x_wconf 85' lang='lat' dir='ltr'>inter</span> <span class='ocrx_word' id='word_1_17' title='bbox 1029 420 1232 460; x_wconf 87' lang='lat' dir='ltr'>Germanos</span> <span class='ocrx_word' id='word_1_18' title='bbox 1258 419 1521 471; x_wconf 74' lang='lat' dir='ltr'>elegantissimi</span> <span class='ocrx_word' id='word_1_19' title='bbox 1548 418 1766 459; x_wconf 76' lang='lat' dir='ltr'>exstiterunt</span> <span class='ocrx_word' id='word_1_20' title='bbox 1790 417 1881 458; x_wconf 78' lang='lat' dir='ltr'>artis</span> <span class='ocrx_word' id='word_1_21' title='bbox 1907 421 2128 459; x_wconf 83' lang='lat' dir='ltr'>Graecorum</span> 
     </span>
     <span class='ocr_line' id='line_1_4' title="bbox 294 489 2130 546; baseline 0 -15"><span class='ocrx_word' id='word_1_22' title='bbox 294 492 516 532; x_wconf 84' lang='lat' dir='ltr'>dramaticae</span> <span class='ocrx_word' id='word_1_23' title='bbox 553 489 834 536; x_wconf 77' lang='lat' dir='ltr'>existimatores,</span> <span class='ocrx_word' id='word_1_24' title='bbox 862 490 1132 544; x_wconf 83' lang='lat' dir='ltr'>Suevernius1)</span> <span class='ocrx_word' id='word_1_25' title='bbox 1169 503 1206 533; x_wconf 89' lang='lat' dir='ltr'>et</span> <span class='ocrx_word' id='word_1_26' title='bbox 1240 493 1531 546; x_wconf 77' lang='lat' dir='ltr'>Schlegelius.²)</span> <span class='ocrx_word' id='word_1_27' title='bbox 1583 495 1660 532; x_wconf 84' lang='lat' dir='ltr'>Nec</span> <span class='ocrx_word' id='word_1_28' title='bbox 1685 491 1792 532; x_wconf 82' lang='lat' dir='ltr'>aliter</span> <span class='ocrx_word' id='word_1_29' title='bbox 1827 491 1889 531; x_wconf 76' lang='lat' dir='ltr'>de·</span> <span class='ocrx_word' id='word_1_30' title='bbox 1909 492 2039 533; x_wconf 73' lang='lat' dir='ltr'>ultima</span> <span class='ocrx_word' id='word_1_31' title='bbox 2065 492 2130 532; x_wconf 86' lang='lat' dir='ltr'>illa</span> 
     </span>
     <span class='ocr_line' id='line_1_5' title="bbox 295 561 2130 619; baseline 0 -16"><span class='ocrx_word' id='word_1_32' title='bbox 295 577 406 603; x_wconf 81' lang='lat' dir='ltr'>scena</span> <span class='ocrx_word' id='word_1_33' title='bbox 433 561 692 616; x_wconf 82' lang='lat' dir='ltr'>sagacissimus</span> <span class='ocrx_word' id='word_1_34' title='bbox 718 561 946 614; x_wconf 86' lang='lat' dir='ltr'>trilogiarum</span> <span class='ocrx_word' id='word_1_35' title='bbox 965 563 1244 619; x_wconf 77' lang='lat' dir='ltr'>Aeschyliarnm</span> <span class='ocrx_word' id='word_1_36' title='bbox 1267 565 1431 606; x_wconf 84' lang='lat' dir='ltr'>inventor</span> <span class='ocrx_word' id='word_1_37' title='bbox 1449 563 1716 615; x_wconf 56' lang='lat' dir='ltr'>wacken-11³³)</span> <span class='ocrx_word' id='word_1_38' title='bbox 1743 562 1876 603; x_wconf 80' lang='lat' dir='ltr'>sensit=</span> <span class='ocrx_word' id='word_1_39' title='bbox 1903 563 1967 616; x_wconf 87' lang='lat' dir='ltr'>qui</span> <span class='ocrx_word' id='word_1_40' title='bbox 1986 564 2130 617; x_wconf 76' lang='lat' dir='ltr'>quidem</span> 
     </span>
     <span class='ocr_line' id='line_1_6' title="bbox 297 635 2132 693; baseline 0 -18"><span class='ocrx_word' id='word_1_41' title='bbox 297 636 425 675; x_wconf 87' lang='lat' dir='ltr'>subtili</span> <span class='ocrx_word' id='word_1_42' title='bbox 451 650 560 674; x_wconf 85' lang='lat' dir='ltr'>sensu</span> <span class='ocrx_word' id='word_1_43' title='bbox 584 650 651 675; x_wconf 89' lang='lat' dir='ltr'>suo</span> <span class='ocrx_word' id='word_1_44' title='bbox 677 636 790 674; x_wconf 76' lang='lat' dir='ltr'>fretus</span> <span class='ocrx_word' id='word_1_45' title='bbox 816 649 897 673; x_wconf 90' lang='lat' dir='ltr'>cum</span> <span class='ocrx_word' id='word_1_46' title='bbox 924 635 1073 687; x_wconf 81' lang='lat' dir='ltr'>singula</span> <span class='ocrx_word' id='word_1_47' title='bbox 1098 638 1305 678; x_wconf 80' lang='lat' dir='ltr'>fabularum</span> <span class='ocrx_word' id='word_1_48' title='bbox 1332 638 1588 677; x_wconf 80' lang='lat' dir='ltr'>Thebanarum</span> <span class='ocrx_word' id='word_1_49' title='bbox 1614 636 1762 676; x_wconf 78' lang='lat' dir='ltr'>nomina</span> <span class='ocrx_word' id='word_1_50' title='bbox 1786 636 1826 693; x_wconf 80' lang='lat' dir='ltr'>in</span> <span class='ocrx_word' id='word_1_51' title='bbox 1850 635 2017 688; x_wconf 79' lang='lat' dir='ltr'>trilogias</span> <span class='ocrx_word' id='word_1_52' title='bbox 2053 636 2132 676; x_wconf 83' lang='lat' dir='ltr'>dis·</span> 
     </span>
     <span class='ocr_line' id='line_1_7' title="bbox 295 707 2133 765; baseline -0.001 -15"><span class='ocrx_word' id='word_1_53' title='bbox 295 708 501 759; x_wconf 72' lang='lat' dir='ltr'>tribuisset,</span> <span class='ocrx_word' id='word_1_54' title='bbox 537 723 604 763; x_wconf 84' lang='lat' dir='ltr'>pro</span> <span class='ocrx_word' id='word_1_55' title='bbox 629 707 683 748; x_wconf 90' lang='lat' dir='ltr'>rei</span> <span class='ocrx_word' id='word_1_56' title='bbox 699 717 840 748; x_wconf 68' lang='lat' dir='ltr'>matura</span> <span class='ocrx_word' id='word_1_57' title='bbox 865 717 1171 764; x_wconf 76' lang='lat' dir='ltr'>externarumque</span> <span class='ocrx_word' id='word_1_58' title='bbox 1194 711 1478 753; x_wconf 79' lang='lat' dir='ltr'>testimoniorum</span> <span class='ocrx_word' id='word_1_59' title='bbox 1503 709 1657 765; x_wconf 85' lang='lat' dir='ltr'>penuria</span> <span class='ocrx_word' id='word_1_60' title='bbox 1681 724 1754 750; x_wconf 85' lang='lat' dir='ltr'>nou</span> <span class='ocrx_word' id='word_1_61' title='bbox 1779 708 1899 764; x_wconf 80' lang='lat' dir='ltr'>potuit</span> <span class='ocrx_word' id='word_1_62' title='bbox 1925 724 1998 750; x_wconf 83' lang='lat' dir='ltr'>non</span> <span class='ocrx_word' id='word_1_63' title='bbox 2017 723 2133 762; x_wconf 86' lang='lat' dir='ltr'>quae—</span> 
     </span>
     <span class='ocr_line' id='line_1_8' title="bbox 297 772 2132 839; baseline -0.001 -16"><span class='ocrx_word' id='word_1_64' title='bbox 297 784 381 823; x_wconf 81' lang='lat' dir='ltr'>dam</span> <span class='ocrx_word' id='word_1_65' title='bbox 416 772 530 822; x_wconf 84' lang='lat' dir='ltr'>dubia</span> <span class='ocrx_word' id='word_1_66' title='bbox 555 790 592 820; x_wconf 90' lang='lat' dir='ltr'>et</span> <span class='ocrx_word' id='word_1_67' title='bbox 621 781 731 821; x_wconf 81' lang='lat' dir='ltr'>valde</span> <span class='ocrx_word' id='word_1_68' title='bbox 756 780 931 833; x_wconf 87' lang='lat' dir='ltr'>ambigua</span> <span class='ocrx_word' id='word_1_69' title='bbox 955 781 995 821; x_wconf 89' lang='lat' dir='ltr'>in</span> <span class='ocrx_word' id='word_1_70' title='bbox 1021 783 1181 824; x_wconf 85' lang='lat' dir='ltr'>medium</span> <span class='ocrx_word' id='word_1_71' title='bbox 1216 785 1391 839; x_wconf 78' lang='lat' dir='ltr'>proferre.</span> <span class='ocrx_word' id='word_1_72' title='bbox 1451 787 1528 825; x_wconf 81' lang='lat' dir='ltr'>Nee</span> <span class='ocrx_word' id='word_1_73' title='bbox 1561 783 1723 839; x_wconf 77' lang='lat' dir='ltr'>profecto</span> <span class='ocrx_word' id='word_1_74' title='bbox 1758 782 1888 823; x_wconf 80' lang='lat' dir='ltr'>mirum</span> <span class='ocrx_word' id='word_1_75' title='bbox 1923 791 1978 822; x_wconf 90' lang='lat' dir='ltr'>est</span> <span class='ocrx_word' id='word_1_76' title='bbox 2011 782 2132 836; x_wconf 84' lang='lat' dir='ltr'>ipsum</span> 
     </span>
     <span class='ocr_line' id='line_1_9' title="bbox 296 854 2131 910; baseline -0.002 -14"><span class='ocrx_word' id='word_1_77' title='bbox 296 856 539 896; x_wconf 87' lang='lat' dir='ltr'>Welckerum</span> <span class='ocrx_word' id='word_1_78' title='bbox 574 855 614 894; x_wconf 91' lang='lat' dir='ltr'>in</span> <span class='ocrx_word' id='word_1_79' title='bbox 650 854 865 907; x_wconf 80' lang='lat' dir='ltr'>quaestione</span> <span class='ocrx_word' id='word_1_80' title='bbox 899 865 974 895; x_wconf 85' lang='lat' dir='ltr'>tam</span> <span class='ocrx_word' id='word_1_81' title='bbox 1006 856 1148 897; x_wconf 86' lang='lat' dir='ltr'>lubrica</span> <span class='ocrx_word' id='word_1_82' title='bbox 1183 858 1408 910; x_wconf 87' lang='lat' dir='ltr'>aliquantum</span> <span class='ocrx_word' id='word_1_83' title='bbox 1445 872 1534 898; x_wconf 87' lang='lat' dir='ltr'>sane</span> <span class='ocrx_word' id='word_1_84' title='bbox 1566 857 1774 898; x_wconf 83' lang='lat' dir='ltr'>fluctuasse.</span> <span class='ocrx_word' id='word_1_85' title='bbox 1841 856 2001 896; x_wconf 83' lang='lat' dir='ltr'>Primum</span> <span class='ocrx_word' id='word_1_86' title='bbox 2035 854 2131 894; x_wconf 87' lang='lat' dir='ltr'>enim</span> 
     </span>
     <span class='ocr_line' id='line_1_10' title="bbox 293 918 2131 985; baseline -0.001 -15"><span class='ocrx_word' id='word_1_87' title='bbox 293 944 367 970; x_wconf 89' lang='lat' dir='ltr'>una</span> <span class='ocrx_word' id='word_1_88' title='bbox 393 928 542 982; x_wconf 84' lang='lat' dir='ltr'>trilogia</span> <span class='ocrx_word' id='word_1_89' title='bbox 559 928 708 977; x_wconf 88' lang='lat' dir='ltr'>Laium,</span> <span class='ocrx_word' id='word_1_90' title='bbox 734 928 937 983; x_wconf 78' lang='lat' dir='ltr'>Sphingem</span> <span class='ocrx_word' id='word_1_91' title='bbox 963 937 999 969; x_wconf 90' lang='lat' dir='ltr'>et</span> <span class='ocrx_word' id='word_1_92' title='bbox 1023 918 1226 985; x_wconf 86' lang='lat' dir='ltr'>Oedipum,</span> <span class='ocrx_word' id='word_1_93' title='bbox 1251 933 1439 983; x_wconf 79' lang='lat' dir='ltr'>Nemeam,</span> <span class='ocrx_word' id='word_1_94' title='bbox 1464 932 1614 985; x_wconf 81' lang='lat' dir='ltr'>Septem</span> <span class='ocrx_word' id='word_1_95' title='bbox 1638 939 1764 971; x_wconf 79' lang='lat' dir='ltr'>eontra</span> <span class='ocrx_word' id='word_1_96' title='bbox 1781 929 1930 971; x_wconf 82' lang='lat' dir='ltr'>Thebas</span> <span class='ocrx_word' id='word_1_97' title='bbox 1956 940 1992 970; x_wconf 85' lang='lat' dir='ltr'>et</span> <span class='ocrx_word' id='word_1_98' title='bbox 2011 929 2131 969; x_wconf 81' lang='lat' dir='ltr'>Phoe—</span> 
     </span>
     <span class='ocr_line' id='line_1_11' title="bbox 294 993 2132 1060; baseline 0 -19"><span class='ocrx_word' id='word_1_99' title='bbox 294 1003 417 1042; x_wconf 88' lang='lat' dir='ltr'>nissas</span> <span class='ocrx_word' id='word_1_100' title='bbox 441 1002 571 1050; x_wconf 85' lang='lat' dir='ltr'>altera,</span> <span class='ocrx_word' id='word_1_101' title='bbox 596 993 703 1042; x_wconf 86' lang='lat' dir='ltr'>tertia</span> <span class='ocrx_word' id='word_1_102' title='bbox 728 1002 887 1055; x_wconf 79' lang='lat' dir='ltr'>denique</span> <span class='ocrx_word' id='word_1_103' title='bbox 911 1002 1133 1051; x_wconf 86' lang='lat' dir='ltr'>Eleusinios,</span> <span class='ocrx_word' id='word_1_104' title='bbox 1157 1003 1316 1056; x_wconf 83' lang='lat' dir='ltr'>Argivos</span> <span class='ocrx_word' id='word_1_105' title='bbox 1334 1014 1372 1045; x_wconf 88' lang='lat' dir='ltr'>et</span> <span class='ocrx_word' id='word_1_106' title='bbox 1389 1005 1577 1060; x_wconf 84' lang='lat' dir='ltr'>Epigonos</span> <span class='ocrx_word' id='word_1_107' title='bbox 1601 1004 1743 1043; x_wconf 84' lang='lat' dir='ltr'>iunctos</span> <span class='ocrx_word' id='word_1_108' title='bbox 1767 1002 1881 1042; x_wconf 76' lang='lat' dir='ltr'>fuisse</span> <span class='ocrx_word' id='word_1_109' title='bbox 1903 1001 2073 1054; x_wconf 70' lang='lat' dir='ltr'>opniecitt</span> <span class='ocrx_word' id='word_1_110' title='bbox 2088 1001 2132 1051; x_wconf 83' lang='lat'>⁴)</span> 
     </span>
     <span class='ocr_line' id='line_1_12' title="bbox 295 1074 2133 1131; baseline -0.001 -16"><span class='ocrx_word' id='word_1_111' title='bbox 295 1084 380 1129; x_wconf 84' lang='lat' dir='ltr'>post</span> <span class='ocrx_word' id='word_1_112' title='bbox 398 1074 510 1115; x_wconf 87' lang='lat' dir='ltr'>missa</span> <span class='ocrx_word' id='word_1_113' title='bbox 528 1074 599 1114; x_wconf 83' lang='lat' dir='ltr'>hae</span> <span class='ocrx_word' id='word_1_114' title='bbox 622 1074 828 1115; x_wconf 81' lang='lat' dir='ltr'>coniectura</span> <span class='ocrx_word' id='word_1_115' title='bbox 850 1074 889 1114; x_wconf 90' lang='lat' dir='ltr'>in</span> <span class='ocrx_word' id='word_1_116' title='bbox 914 1074 1075 1115; x_wconf 85' lang='lat' dir='ltr'>secunda</span> <span class='ocrx_word' id='word_1_117' title='bbox 1096 1074 1244 1128; x_wconf 84' lang='lat' dir='ltr'>trilogia</span> <span class='ocrx_word' id='word_1_118' title='bbox 1264 1091 1334 1131; x_wconf 89' lang='lat' dir='ltr'>pro</span> <span class='ocrx_word' id='word_1_119' title='bbox 1352 1077 1563 1119; x_wconf 84' lang='lat' dir='ltr'>Phoenissis</span> <span class='ocrx_word' id='word_1_120' title='bbox 1579 1076 1790 1119; x_wconf 82' lang='lat' dir='ltr'>Eleusinios</span> <span class='ocrx_word' id='word_1_121' title='bbox 1810 1076 1945 1129; x_wconf 86' lang='lat' dir='ltr'>posuit,</span> <span class='ocrx_word' id='word_1_122' title='bbox 1969 1075 2009 1114; x_wconf 92' lang='lat' dir='ltr'>in</span> <span class='ocrx_word' id='word_1_123' title='bbox 2028 1074 2133 1114; x_wconf 78' lang='lat' dir='ltr'>tertia</span> 
     </span>
     <span class='ocr_line' id='line_1_13' title="bbox 297 1146 2132 1203; baseline -0.001 -17"><span class='ocrx_word' id='word_1_124' title='bbox 297 1156 418 1186; x_wconf 86' lang='lat' dir='ltr'>autem</span> <span class='ocrx_word' id='word_1_125' title='bbox 444 1161 568 1187; x_wconf 89' lang='lat' dir='ltr'>omnes</span> <span class='ocrx_word' id='word_1_126' title='bbox 593 1156 666 1186; x_wconf 82' lang='lat' dir='ltr'>tres</span> <span class='ocrx_word' id='word_1_127' title='bbox 691 1146 836 1186; x_wconf 81' lang='lat' dir='ltr'>fabulas</span> <span class='ocrx_word' id='word_1_128' title='bbox 859 1146 1066 1200; x_wconf 84' lang='lat' dir='ltr'>suspicatus</span> <span class='ocrx_word' id='word_1_129' title='bbox 1090 1156 1146 1186; x_wconf 83' lang='lat' dir='ltr'>est</span> <span class='ocrx_word' id='word_1_130' title='bbox 1170 1147 1224 1188; x_wconf 88' lang='lat' dir='ltr'>ita</span> <span class='ocrx_word' id='word_1_131' title='bbox 1247 1148 1405 1189; x_wconf 84' lang='lat' dir='ltr'>sociatas</span> <span class='ocrx_word' id='word_1_132' title='bbox 1431 1149 1557 1200; x_wconf 80' lang='lat' dir='ltr'>fuisse,</span> <span class='ocrx_word' id='word_1_133' title='bbox 1583 1158 1624 1189; x_wconf 88' lang='lat' dir='ltr'>ut</span> <span class='ocrx_word' id='word_1_134' title='bbox 1641 1148 1830 1203; x_wconf 82' lang='lat' dir='ltr'>Epigonos</span> <span class='ocrx_word' id='word_1_135' title='bbox 1849 1148 1992 1200; x_wconf 80' lang='lat' dir='ltr'>Argivi,</span> <span class='ocrx_word' id='word_1_136' title='bbox 2018 1146 2132 1198; x_wconf 80' lang='lat' dir='ltr'>Argi-</span> 
     </span>
     <span class='ocr_line' id='line_1_14' title="bbox 297 1217 2131 1272; baseline 0 -13"><span class='ocrx_word' id='word_1_137' title='bbox 297 1235 363 1260; x_wconf 86' lang='lat' dir='ltr'>vos</span> <span class='ocrx_word' id='word_1_138' title='bbox 388 1219 610 1260; x_wconf 84' lang='lat' dir='ltr'>Phoenissae</span> <span class='ocrx_word' id='word_1_139' title='bbox 634 1217 902 1272; x_wconf 77' lang='lat' dir='ltr'>exciperent-⁶)</span> <span class='ocrx_word' id='word_1_140' title='bbox 967 1218 1045 1258; x_wconf 83' lang='lat' dir='ltr'>Sed</span> <span class='ocrx_word' id='word_1_141' title='bbox 1079 1219 1119 1260; x_wconf 90' lang='lat' dir='ltr'>in</span> <span class='ocrx_word' id='word_1_142' title='bbox 1155 1235 1200 1260; x_wconf 91' lang='lat' dir='ltr'>eo</span> <span class='ocrx_word' id='word_1_143' title='bbox 1234 1229 1356 1262; x_wconf 87' lang='lat' dir='ltr'>tamen</span> <span class='ocrx_word' id='word_1_144' title='bbox 1389 1231 1652 1263; x_wconf 82' lang='lat' dir='ltr'>consentaneus</span> <span class='ocrx_word' id='word_1_145' title='bbox 1685 1221 1758 1261; x_wconf 83' lang='lat' dir='ltr'>sibi</span> <span class='ocrx_word' id='word_1_146' title='bbox 1792 1220 1861 1260; x_wconf 80' lang='lat' dir='ltr'>fuit</span> <span class='ocrx_word' id='word_1_147' title='bbox 1888 1219 2131 1270; x_wconf 87' lang='lat' dir='ltr'>Welckerus,</span> 
     </span>
     <span class='ocr_line' id='line_1_15' title="bbox 297 1291 2132 1350; baseline -0.001 -17"><span class='ocrx_word' id='word_1_148' title='bbox 297 1293 393 1346; x_wconf 80' lang='lat' dir='ltr'>quod</span> <span class='ocrx_word' id='word_1_149' title='bbox 425 1295 573 1347; x_wconf 88' lang='lat' dir='ltr'>Septem</span> <span class='ocrx_word' id='word_1_150' title='bbox 608 1300 733 1332; x_wconf 82' lang='lat' dir='ltr'>contra</span> <span class='ocrx_word' id='word_1_151' title='bbox 768 1291 919 1333; x_wconf 87' lang='lat' dir='ltr'>Thebas</span> <span class='ocrx_word' id='word_1_152' title='bbox 953 1292 1117 1333; x_wconf 78' lang='lat' dir='ltr'>fabulam</span> <span class='ocrx_word' id='word_1_153' title='bbox 1152 1302 1302 1348; x_wconf 84' lang='lat' dir='ltr'>propter</span> <span class='ocrx_word' id='word_1_154' title='bbox 1335 1308 1417 1349; x_wconf 77' lang='lat' dir='ltr'>eam</span> <span class='ocrx_word' id='word_1_155' title='bbox 1441 1310 1551 1350; x_wconf 79' lang='lat' dir='ltr'>quam</span> <span class='ocrx_word' id='word_1_156' title='bbox 1577 1309 1690 1349; x_wconf 90' lang='lat' dir='ltr'>supra</span> <span class='ocrx_word' id='word_1_157' title='bbox 1715 1292 1822 1334; x_wconf 85' lang='lat' dir='ltr'>attuli</span> <span class='ocrx_word' id='word_1_158' title='bbox 1853 1307 2019 1347; x_wconf 77' lang='lat' dir='ltr'>caussam</span> <span class='ocrx_word' id='word_1_159' title='bbox 2052 1292 2132 1332; x_wconf 85' lang='lat' dir='ltr'>sine</span> 
     </span>
     <span class='ocr_line' id='line_1_16' title="bbox 295 1351 2131 1420; baseline -0.001 -15"><span class='ocrx_word' id='word_1_160' title='bbox 295 1366 372 1406; x_wconf 85' lang='lat' dir='ltr'>ulla</span> <span class='ocrx_word' id='word_1_161' title='bbox 397 1364 633 1405; x_wconf 86' lang='lat' dir='ltr'>dubitationis</span> <span class='ocrx_word' id='word_1_162' title='bbox 659 1364 926 1418; x_wconf 80' lang='lat' dir='ltr'>significatione</span> <span class='ocrx_word' id='word_1_163' title='bbox 951 1380 1137 1420; x_wconf 88' lang='lat' dir='ltr'>nunquam</span> <span class='ocrx_word' id='word_1_164' title='bbox 1153 1351 1404 1408; x_wconf 47' lang='lat' dir='ltr'>nou&#39;mediam</span> <span class='ocrx_word' id='word_1_165' title='bbox 1426 1382 1509 1409; x_wconf 88' lang='lat' dir='ltr'>esse</span> <span class='ocrx_word' id='word_1_166' title='bbox 1523 1367 1653 1409; x_wconf 84' lang='lat' dir='ltr'>voluit.</span> <span class='ocrx_word' id='word_1_167' title='bbox 1705 1369 1814 1417; x_wconf 73' lang='lat' dir='ltr'>Quae</span> <span class='ocrx_word' id='word_1_168' title='bbox 1838 1366 1985 1419; x_wconf 75' lang='lat' dir='ltr'>quidem</span> <span class='ocrx_word' id='word_1_169' title='bbox 2001 1379 2131 1405; x_wconf 82' lang='lat' dir='ltr'>caussa</span> 
     </span>
     <span class='ocr_line' id='line_1_17' title="bbox 294 1429 2131 1492; baseline 0 -15"><span class='ocrx_word' id='word_1_170' title='bbox 294 1447 432 1478; x_wconf 85' lang='lat' dir='ltr'>tantam</span> <span class='ocrx_word' id='word_1_171' title='bbox 457 1452 548 1491; x_wconf 89' lang='lat' dir='ltr'>prae</span> <span class='ocrx_word' id='word_1_172' title='bbox 572 1453 613 1478; x_wconf 89' lang='lat' dir='ltr'>se</span> <span class='ocrx_word' id='word_1_173' title='bbox 647 1438 744 1479; x_wconf 78' lang='lat' dir='ltr'>serre</span> <span class='ocrx_word' id='word_1_174' title='bbox 775 1439 1072 1492; x_wconf 84' lang='lat' dir='ltr'>probabilitatem</span> <span class='ocrx_word' id='word_1_175' title='bbox 1095 1429 1178 1481; x_wconf 71' lang='lat' dir='ltr'>visa</span> <span class='ocrx_word' id='word_1_176' title='bbox 1212 1451 1290 1491; x_wconf 88' lang='lat' dir='ltr'>est,</span> <span class='ocrx_word' id='word_1_177' title='bbox 1325 1450 1366 1481; x_wconf 87' lang='lat' dir='ltr'>ut</span> <span class='ocrx_word' id='word_1_178' title='bbox 1399 1441 1530 1481; x_wconf 84' lang='lat' dir='ltr'>ioeireo</span> <span class='ocrx_word' id='word_1_179' title='bbox 1555 1444 1788 1486; x_wconf 76' lang='lat' dir='ltr'>Hel-mannus</span> <span class='ocrx_word' id='word_1_180' title='bbox 1813 1453 1959 1491; x_wconf 85' lang='lat' dir='ltr'>quoque</span> <span class='ocrx_word' id='word_1_181' title='bbox 1984 1452 2008 1478; x_wconf 86' lang='lat' dir='ltr'>a</span> <span class='ocrx_word' id='word_1_182' title='bbox 2032 1448 2131 1477; x_wconf 83' lang='lat' dir='ltr'>recta</span> 
     </span>
     <span class='ocr_line' id='line_1_18' title="bbox 294 1508 2131 1569; baseline 0.001 -21"><span class='ocrx_word' id='word_1_183' title='bbox 294 1509 375 1560; x_wconf 80' lang='lat' dir='ltr'>via,-</span> <span class='ocrx_word' id='word_1_184' title='bbox 402 1523 511 1561; x_wconf 89' lang='lat' dir='ltr'>quam</span> <span class='ocrx_word' id='word_1_185' title='bbox 537 1510 694 1563; x_wconf 84' lang='lat' dir='ltr'>primum</span> <span class='ocrx_word' id='word_1_186' title='bbox 718 1510 801 1550; x_wconf 85' lang='lat' dir='ltr'>iniit</span> <span class='ocrx_word' id='word_1_187' title='bbox 808 1510 871 1563; x_wconf 84' lang='lat'>,⁶)</span> <span class='ocrx_word' id='word_1_188' title='bbox 897 1511 1120 1552; x_wconf 84' lang='lat' dir='ltr'>aberraverit</span> <span class='ocrx_word' id='word_1_189' title='bbox 1144 1508 1486 1569; x_wconf 54' lang='lat' dir='ltr'>eamque’fabnlam</span> <span class='ocrx_word' id='word_1_190' title='bbox 1509 1512 1597 1552; x_wconf 85' lang='lat' dir='ltr'>item</span> <span class='ocrx_word' id='word_1_191' title='bbox 1629 1511 1701 1553; x_wconf 86' lang='lat' dir='ltr'>sibi</span> <span class='ocrx_word' id='word_1_192' title='bbox 1726 1510 1950 1565; x_wconf 80' lang='lat' dir='ltr'>persuaserit</span> <span class='ocrx_word' id='word_1_193' title='bbox 1973 1508 2131 1550; x_wconf 81' lang='lat' dir='ltr'>medium</span> 
     </span>
    </p>
   </div>
   <div class='ocr_carea' id='block_1_3' title="bbox 319 1714 1949 1879">
    <p class='ocr_par' dir='ltr' id='par_1_3' title="bbox 319 1714 1949 1879">
     <span class='ocr_line' id='line_1_19' title="bbox 323 1714 1692 1770; baseline 0.004 -19"><span class='ocrx_word' id='word_1_194' title='bbox 323 1718 358 1761; x_wconf 83' lang='lat' dir='ltr'>l)</span> <span class='ocrx_word' id='word_1_195' title='bbox 393 1714 610 1766; x_wconf 86' lang='lat' dir='ltr'>Aeschylos</span> <span class='ocrx_word' id='word_1_196' title='bbox 634 1714 778 1753; x_wconf 82' lang='lat' dir='ltr'>Siehen</span> <span class='ocrx_word' id='word_1_197' title='bbox 801 1728 929 1770; x_wconf 87' lang='lat' dir='ltr'>gegen</span> <span class='ocrx_word' id='word_1_198' title='bbox 954 1716 1103 1756; x_wconf 87' lang='lat' dir='ltr'>Thebe.</span> <span class='ocrx_word' id='word_1_199' title='bbox 1149 1717 1274 1756; x_wconf 85' lang='lat' dir='ltr'>Halle.</span> <span class='ocrx_word' id='word_1_200' title='bbox 1307 1720 1408 1758; x_wconf 82' lang='lat'><strong>1797.</strong></span> <span class='ocrx_word' id='word_1_201' title='bbox 1438 1730 1483 1768; x_wconf 77' lang='grc' dir='ltr'>Ρ.</span> <span class='ocrx_word' id='word_1_202' title='bbox 1512 1717 1578 1757; x_wconf 83' lang='grc'>135</span> <span class='ocrx_word' id='word_1_203' title='bbox 1607 1730 1692 1769; x_wconf 83' lang='lat' dir='ltr'>sqq.</span> 
     </span>
     <span class='ocr_line' id='line_1_20' title="bbox 319 1824 1949 1879; baseline 0.002 -18"><span class='ocrx_word' id='word_1_204' title='bbox 319 1827 359 1871; x_wconf 73' lang='lat'>2)</span> <span class='ocrx_word' id='word_1_205' title='bbox 391 1824 518 1861; x_wconf 88' lang='lat' dir='ltr'>Ueber</span> <span class='ocrx_word' id='word_1_206' title='bbox 540 1824 794 1863; x_wconf 84' lang='lat' dir='ltr'>dramatische</span> <span class='ocrx_word' id='word_1_207' title='bbox 817 1828 945 1866; x_wconf 80' lang='lat' dir='ltr'>Kunst</span> <span class='ocrx_word' id='word_1_208' title='bbox 967 1827 1049 1864; x_wconf 86' lang='lat' dir='ltr'>und</span> <span class='ocrx_word' id='word_1_209' title='bbox 1070 1828 1298 1865; x_wconf 80' lang='lat' dir='ltr'>Litteratur.</span> <span class='ocrx_word' id='word_1_210' title='bbox 1348 1826 1599 1879; x_wconf 81' lang='lat' dir='ltr'>Heidelberg.</span> <span class='ocrx_word' id='word_1_211' title='bbox 1628 1829 1727 1867; x_wconf 81' lang='lat'>1817.</span> <span class='ocrx_word' id='word_1_212' title='bbox 1755 1830 1785 1865; x_wconf 90' lang='lat'>1.</span> <span class='ocrx_word' id='word_1_213' title='bbox 1808 1842 1845 1877; x_wconf 88' lang='lat' dir='ltr'>p.</span> <span class='ocrx_word' id='word_1_214' title='bbox 1874 1830 1949 1867; x_wconf 78' lang='lat'><strong>162.</strong></span> 
     </span>
    </p>
   </div>
   <div class='ocr_carea' id='block_1_4' title="bbox 315 1932 2131 2274">
    <p class='ocr_par' dir='ltr' id='par_1_4' title="bbox 315 1932 2131 2274">
     <span class='ocr_line' id='line_1_21' title="bbox 315 1932 2131 1987; baseline 0.002 -20"><span class='ocrx_word' id='word_1_215' title='bbox 315 1935 359 1979; x_wconf 82' lang='lat'>3)</span> <span class='ocrx_word' id='word_1_216' title='bbox 391 1933 466 1968; x_wconf 88' lang='lat' dir='ltr'>Die</span> <span class='ocrx_word' id='word_1_217' title='bbox 490 1932 768 1982; x_wconf 86' lang='lat' dir='ltr'>Aeschylische</span> <span class='ocrx_word' id='word_1_218' title='bbox 791 1936 978 1987; x_wconf 84' lang='lat' dir='ltr'>Trilogie.</span> <span class='ocrx_word' id='word_1_219' title='bbox 1023 1937 1260 1973; x_wconf 79' lang='lat' dir='ltr'>Darmstadt.</span> <span class='ocrx_word' id='word_1_220' title='bbox 1286 1938 1387 1976; x_wconf 76' lang='lat'>1824.</span> <span class='ocrx_word' id='word_1_221' title='bbox 1416 1950 1454 1986; x_wconf 92' lang='grc' dir='ltr'>Ρ.</span> <span class='ocrx_word' id='word_1_222' title='bbox 1478 1939 1561 1976; x_wconf 87' lang='grc'><strong>365.</strong></span> <span class='ocrx_word' id='word_1_223' title='bbox 1608 1936 1767 1973; x_wconf 77' lang='lat' dir='ltr'>Ebenso</span> <span class='ocrx_word' id='word_1_224' title='bbox 1798 1938 1942 1987; x_wconf 82' lang='lat' dir='ltr'>gewiss</span> <span class='ocrx_word' id='word_1_225' title='bbox 1973 1935 2131 1972; x_wconf 71' lang='lat' dir='ltr'>verr&#39;ath</span> 
     </span>
     <span class='ocr_line' id='line_1_22' title="bbox 388 1988 2131 2043; baseline 0.002 -18"><span class='ocrx_word' id='word_1_226' title='bbox 388 1988 458 2025; x_wconf 85' lang='lat' dir='ltr'>der</span> <span class='ocrx_word' id='word_1_227' title='bbox 481 1990 669 2041; x_wconf 85' lang='lat' dir='ltr'>Ausgang</span> <span class='ocrx_word' id='word_1_228' title='bbox 694 1990 761 2026; x_wconf 84' lang='lat' dir='ltr'>der</span> <span class='ocrx_word' id='word_1_229' title='bbox 787 1990 927 2028; x_wconf 84' lang='lat' dir='ltr'>Siehen</span> <span class='ocrx_word' id='word_1_230' title='bbox 953 1994 1015 2028; x_wconf 90' lang='lat' dir='ltr'>ein</span> <span class='ocrx_word' id='word_1_231' title='bbox 1037 1993 1238 2031; x_wconf 84' lang='lat' dir='ltr'>Endstiick</span> <span class='ocrx_word' id='word_1_232' title='bbox 1260 1992 1328 2030; x_wconf 82' lang='lat' dir='ltr'>des</span> <span class='ocrx_word' id='word_1_233' title='bbox 1356 1994 1526 2030; x_wconf 86' lang='lat' dir='ltr'>Ganzen.</span> <span class='ocrx_word' id='word_1_234' title='bbox 1574 1996 1655 2031; x_wconf 85' lang='lat' dir='ltr'>Der</span> <span class='ocrx_word' id='word_1_235' title='bbox 1667 1996 1827 2033; x_wconf 84' lang='lat' dir='ltr'>Vorsatz</span> <span class='ocrx_word' id='word_1_236' title='bbox 1852 1991 2131 2043; x_wconf 77' lang='lat' dir='ltr'>derAutigoue</span> 
     </span>
     <span class='ocr_line' id='line_1_23' title="bbox 391 2045 2129 2102; baseline 0.002 -21"><span class='ocrx_word' id='word_1_237' title='bbox 391 2046 466 2082; x_wconf 87' lang='lat' dir='ltr'>den</span> <span class='ocrx_word' id='word_1_238' title='bbox 485 2045 693 2097; x_wconf 84' lang='lat' dir='ltr'>Polynices</span> <span class='ocrx_word' id='word_1_239' title='bbox 718 2060 767 2082; x_wconf 89' lang='lat' dir='ltr'>zu</span> <span class='ocrx_word' id='word_1_240' title='bbox 791 2047 1003 2098; x_wconf 85' lang='lat' dir='ltr'>heerdigen</span> <span class='ocrx_word' id='word_1_241' title='bbox 1021 2050 1073 2084; x_wconf 84' lang='lat' dir='ltr'>ist</span> <span class='ocrx_word' id='word_1_242' title='bbox 1094 2050 1165 2084; x_wconf 84' lang='lat' dir='ltr'>mit</span> <span class='ocrx_word' id='word_1_243' title='bbox 1183 2062 1226 2086; x_wconf 92' lang='lat' dir='ltr'>so</span> <span class='ocrx_word' id='word_1_244' title='bbox 1243 2050 1503 2086; x_wconf 80' lang='lat' dir='ltr'>bestimmtem</span> <span class='ocrx_word' id='word_1_245' title='bbox 1523 2051 1685 2087; x_wconf 87' lang='lat' dir='ltr'>stolzem</span> <span class='ocrx_word' id='word_1_246' title='bbox 1700 2047 1979 2102; x_wconf 80' lang='lat' dir='ltr'>Pssichtgefiihl</span> <span class='ocrx_word' id='word_1_247' title='bbox 2004 2062 2129 2101; x_wconf 84' lang='lat' dir='ltr'>gegen</span> 
     </span>
     <span class='ocr_line' id='line_1_24' title="bbox 388 2102 2127 2157; baseline 0.001 -18"><span class='ocrx_word' id='word_1_248' title='bbox 388 2102 540 2140; x_wconf 78' lang='lat' dir='ltr'>Vel-bot</span> <span class='ocrx_word' id='word_1_249' title='bbox 562 2102 643 2139; x_wconf 84' lang='lat' dir='ltr'>und</span> <span class='ocrx_word' id='word_1_250' title='bbox 667 2102 770 2139; x_wconf 84' lang='lat' dir='ltr'>Rath</span> <span class='ocrx_word' id='word_1_251' title='bbox 802 2104 869 2141; x_wconf 88' lang='lat' dir='ltr'>des</span> <span class='ocrx_word' id='word_1_252' title='bbox 902 2103 1198 2142; x_wconf 84' lang='lat' dir='ltr'>Stadtheroldes</span> <span class='ocrx_word' id='word_1_253' title='bbox 1229 2105 1564 2157; x_wconf 77' lang='lat' dir='ltr'>ausgespmcheu,</span> <span class='ocrx_word' id='word_1_254' title='bbox 1598 2107 1663 2145; x_wconf 83' lang='lat' dir='ltr'>das</span> <span class='ocrx_word' id='word_1_255' title='bbox 1699 2120 1784 2144; x_wconf 85' lang='lat' dir='ltr'>man</span> <span class='ocrx_word' id='word_1_256' title='bbox 1815 2106 1878 2144; x_wconf 86' lang='lat' dir='ltr'>die</span> <span class='ocrx_word' id='word_1_257' title='bbox 1899 2104 2127 2157; x_wconf 79' lang='lat' dir='ltr'>Erfiillung,</span> 
     </span>
     <span class='ocr_line' id='line_1_25' title="bbox 388 2159 2128 2212; baseline 0.001 -17"><span class='ocrx_word' id='word_1_258' title='bbox 388 2159 450 2196; x_wconf 79' lang='lat' dir='ltr'>die</span> <span class='ocrx_word' id='word_1_259' title='bbox 476 2160 729 2211; x_wconf 85' lang='lat' dir='ltr'>Darstellung</span> <span class='ocrx_word' id='word_1_260' title='bbox 752 2160 822 2196; x_wconf 81' lang='lat' dir='ltr'>der</span> <span class='ocrx_word' id='word_1_261' title='bbox 853 2160 953 2196; x_wconf 81' lang='lat' dir='ltr'>That</span> <span class='ocrx_word' id='word_1_262' title='bbox 981 2161 1180 2212; x_wconf 80' lang='lat' dir='ltr'>verlangt,</span> <span class='ocrx_word' id='word_1_263' title='bbox 1213 2162 1436 2198; x_wconf 86' lang='lat' dir='ltr'>umsomehr</span> <span class='ocrx_word' id='word_1_264' title='bbox 1466 2163 1521 2199; x_wconf 83' lang='lat' dir='ltr'>als</span> <span class='ocrx_word' id='word_1_265' title='bbox 1548 2164 1616 2200; x_wconf 83' lang='lat' dir='ltr'>der</span> <span class='ocrx_word' id='word_1_266' title='bbox 1640 2165 1760 2201; x_wconf 79' lang='lat' dir='ltr'>Str-eit:</span> <span class='ocrx_word' id='word_1_267' title='bbox 1784 2164 1854 2201; x_wconf 75' lang='lat' dir='ltr'>der</span> <span class='ocrx_word' id='word_1_268' title='bbox 1877 2163 2128 2200; x_wconf 81' lang='lat' dir='ltr'>Schwestern</span> 
     </span>
     <span class='ocr_line' id='line_1_26' title="bbox 388 2215 2058 2274; baseline 0.004 -21"><span class='ocrx_word' id='word_1_269' title='bbox 388 2215 511 2254; x_wconf 85' lang='lat' dir='ltr'>durch</span> <span class='ocrx_word' id='word_1_270' title='bbox 536 2216 599 2254; x_wconf 92' lang='lat' dir='ltr'>die</span> <span class='ocrx_word' id='word_1_271' title='bbox 624 2216 819 2269; x_wconf 85' lang='lat' dir='ltr'>Theiluug</span> <span class='ocrx_word' id='word_1_272' title='bbox 844 2216 911 2255; x_wconf 86' lang='lat' dir='ltr'>des</span> <span class='ocrx_word' id='word_1_273' title='bbox 934 2216 1057 2257; x_wconf 85' lang='lat' dir='ltr'>Chors</span> <span class='ocrx_word' id='word_1_274' title='bbox 1083 2218 1210 2258; x_wconf 88' lang='lat' dir='ltr'>dieser</span> <span class='ocrx_word' id='word_1_275' title='bbox 1226 2219 1441 2274; x_wconf 42' lang='lat' dir='ltr'>‘Handlung</span> <span class='ocrx_word' id='word_1_276' title='bbox 1466 2219 1569 2259; x_wconf 86' lang='lat' dir='ltr'>noch</span> <span class='ocrx_word' id='word_1_277' title='bbox 1595 2221 1703 2259; x_wconf 84' lang='lat' dir='ltr'>mehr</span> <span class='ocrx_word' id='word_1_278' title='bbox 1728 2219 1913 2261; x_wconf 84' lang='lat' dir='ltr'>Gewicht</span> <span class='ocrx_word' id='word_1_279' title='bbox 1936 2218 2058 2272; x_wconf 80' lang='lat' dir='ltr'>giebt.</span> 
     </span>
    </p>
   </div>
   <div class='ocr_carea' id='block_1_5' title="bbox 313 2326 730 2377">
    <p class='ocr_par' dir='ltr' id='par_1_5' title="bbox 313 2326 730 2377">
     <span class='ocr_line' id='line_1_27' title="bbox 313 2326 730 2377; baseline -0.002 -12"><span class='ocrx_word' id='word_1_280' title='bbox 313 2329 355 2373; x_wconf 78' lang='lat'>4)</span> <span class='ocrx_word' id='word_1_281' title='bbox 385 2326 412 2363; x_wconf 90' lang='lat'>1.</span> <span class='ocrx_word' id='word_1_282' title='bbox 435 2339 467 2363; x_wconf 91' lang='lat' dir='ltr'>c.</span> <span class='ocrx_word' id='word_1_283' title='bbox 491 2340 530 2377; x_wconf 89' lang='lat' dir='ltr'>p.</span> <span class='ocrx_word' id='word_1_284' title='bbox 552 2328 622 2366; x_wconf 80' lang='lat'>354</span> <span class='ocrx_word' id='word_1_285' title='bbox 644 2339 730 2377; x_wconf 84' lang='lat' dir='ltr'>sqq.</span> 
     </span>
    </p>
   </div>
   <div class='ocr_carea' id='block_1_6' title="bbox 304 2434 2125 2542">
    <p class='ocr_par' dir='ltr' id='par_1_6' title="bbox 304 2434 2125 2542">
     <span class='ocr_line' id='line_1_28' title="bbox 304 2434 2125 2492; baseline 0.001 -17"><span class='ocrx_word' id='word_1_286' title='bbox 304 2437 350 2483; x_wconf 62' lang='lat'>⁴5)</span> <span class='ocrx_word' id='word_1_287' title='bbox 385 2434 597 2473; x_wconf 80' lang='lat' dir='ltr'>Schulzeit.</span> <span class='ocrx_word' id='word_1_288' title='bbox 627 2436 798 2474; x_wconf 83' lang='lat' dir='ltr'>Darmst.</span> <span class='ocrx_word' id='word_1_289' title='bbox 834 2438 934 2484; x_wconf 65' lang='lat'><strong>1832.</strong></span> <span class='ocrx_word' id='word_1_290' title='bbox 977 2439 1011 2477; x_wconf 82' lang='lat'>2.</span> <span class='ocrx_word' id='word_1_291' title='bbox 1041 2438 1160 2478; x_wconf 83' lang='lat' dir='ltr'>Abth.</span> <span class='ocrx_word' id='word_1_292' title='bbox 1192 2454 1229 2491; x_wconf 84' lang='lat' dir='ltr'>p.</span> <span class='ocrx_word' id='word_1_293' title='bbox 1263 2443 1328 2481; x_wconf 77' lang='grc'>164</span> <span class='ocrx_word' id='word_1_294' title='bbox 1361 2454 1445 2492; x_wconf 87' lang='lat' dir='ltr'>sqq.</span> <span class='ocrx_word' id='word_1_295' title='bbox 1492 2441 1566 2479; x_wconf 82' lang='lat' dir='ltr'>Die</span> <span class='ocrx_word' id='word_1_296' title='bbox 1599 2437 1756 2479; x_wconf 83' lang='lat' dir='ltr'>Griech.</span> <span class='ocrx_word' id='word_1_297' title='bbox 1790 2438 1958 2491; x_wconf 71' lang='lat' dir='ltr'>Tragiid.</span> <span class='ocrx_word' id='word_1_298' title='bbox 1986 2437 2125 2477; x_wconf 73' lang='lat' dir='ltr'>Rhein.</span> 
     </span>
     <span class='ocr_line' id='line_1_29' title="bbox 383 2493 1723 2542; baseline 0.008 -14"><span class='ocrx_word' id='word_1_299' title='bbox 383 2494 483 2528; x_wconf 86' lang='lat' dir='ltr'>Mus.</span> <span class='ocrx_word' id='word_1_300' title='bbox 513 2493 649 2542; x_wconf 82' lang='lat' dir='ltr'>Suppl.</span> <span class='ocrx_word' id='word_1_301' title='bbox 672 2495 728 2536; x_wconf 88' lang='lat' dir='ltr'>II,</span> <span class='ocrx_word' id='word_1_302' title='bbox 763 2497 796 2531; x_wconf 84' lang='lat'>1·</span> <span class='ocrx_word' id='word_1_303' title='bbox 828 2495 927 2532; x_wconf 80' lang='grc'><strong>1839.</strong></span> <span class='ocrx_word' id='word_1_304' title='bbox 951 2507 988 2542; x_wconf 86' lang='grc' dir='ltr'>Ρ.</span> <span class='ocrx_word' id='word_1_305' title='bbox 1012 2499 1069 2534; x_wconf 68' lang='grc'>29.</span> <span class='ocrx_word' id='word_1_306' title='bbox 1721 2512 1723 2514; x_wconf 87' lang='grc'><em>“</em></span> 
     </span>
    </p>
   </div>
   <div class='ocr_carea' id='block_1_7' title="bbox 311 2576 1353 2646">
    <p class='ocr_par' dir='ltr' id='par_1_7' title="bbox 311 2576 1353 2646">
     <span class='ocr_line' id='line_1_30' title="bbox 311 2576 1353 2646; baseline 0.006 -18"><span class='ocrx_word' id='word_1_307' title='bbox 311 2590 349 2635; x_wconf 88' lang='grc'>6)</span> <span class='ocrx_word' id='word_1_308' title='bbox 369 2576 434 2627; x_wconf 63' lang='grc' dir='ltr'>ι1)εέ</span> <span class='ocrx_word' id='word_1_309' title='bbox 460 2592 665 2641; x_wconf 86' lang='lat' dir='ltr'>composit.</span> <span class='ocrx_word' id='word_1_310' title='bbox 690 2590 875 2644; x_wconf 83' lang='lat' dir='ltr'>tetralog.</span> <span class='ocrx_word' id='word_1_311' title='bbox 901 2593 1044 2644; x_wconf 86' lang='lat' dir='ltr'>Opusc.</span> <span class='ocrx_word' id='word_1_312' title='bbox 1070 2597 1117 2642; x_wconf 74' lang='grc' dir='ltr'>ΙΙ.</span> <span class='ocrx_word' id='word_1_313' title='bbox 1140 2609 1176 2645; x_wconf 90' lang='lat' dir='ltr'>p.</span> <span class='ocrx_word' id='word_1_314' title='bbox 1201 2598 1268 2635; x_wconf 74' lang='lat'>314</span> <span class='ocrx_word' id='word_1_315' title='bbox 1295 2610 1353 2646; x_wconf 89' lang='lat' dir='ltr'>sq.</span> 
     </span>
    </p>
   </div>
  </div>
 </body>
</html>
