2382 2982
1147 453 1220 504 11.

269 630 587 700 Recentioribus
628 656 853 713 temporibus
888 657 1041 699 Porsoni
1085 655 1355 710 Hermaunique
1398 666 1543 699 strenua
1567 656 1657 698 artis
1688 656 1834 700 criticae
1874 654 2095 699 factitandae

271 736 363 774 ratio
389 746 495 772 nemo
520 730 636 771 nescit
668 732 917 773 adiumentum
955 732 1006 772 ad
1041 730 1282 771 emendandos
1321 740 1448 784 poetas
1474 733 1694 782 Graecorum
1729 731 1886 784 tragicos
1924 740 2099 783 quantum

271 805 444 847 attulerit.
494 806 551 845 Ac
575 805 733 859 primum
759 805 905 859 quidem
941 806 1035 845 inter
1059 819 1141 852 eos,
1167 803 1229 857 qui
1264 812 1437 857 tanquam
1471 802 1609 844 alumni
1644 818 1792 863 severae
1826 803 2099 845 duumvirorum

270 877 416 918 illorum
444 876 661 932 disciplinae
686 877 724 918 iu
750 877 1023 934 interpretando
1049 875 1345 931 emendandoque
1359 876 1539 933 Aeschylo
1565 891 1712 932 operam
1731 891 1835 920 suam
1861 877 2098 930 collocarunt,

269 951 515 1007 nominandus
541 960 596 991 est
623 951 897 1004 Ahrensius21)
931 952 994 1004 qui
1020 951 1164 1004 quidem
1190 959 1359 1003 quattuor
1390 949 1616 1004 potissimum
1641 964 1700 990 res
1725 959 1823 990 recte
1846 951 2035 1006 perspexit
2060 951 2099 992 in

276 1024 508 1066 emendando
530 1024 713 1080 Aeschylo
742 1025 893 1075 maximi
924 1040 1006 1067 esse
1029 1022 1222 1065 momentis
1248 1023 1433 1065 ‘codicum
1457 1008 1728 1075 auctoritatem,
1768 1024 2026 1067 sententiarum
2061 1024 2100 1066 iu

274 1096 428 1137 canticis
453 1097 637 1150 ordinem,
661 1097 917 1152 proprietatem
942 1096 1118 1138 sermonis
1142 1096 1353 1154 Aeschylei,
1378 1106 1572 1138 metrorum
1603 1085 1704 1152 apud
1729 1095 1952 1155 Aeschylum
1987 1099 2100 1140 ratio-

275 1170 386 1211 nem?
436 1171 512 1211 Sed
539 1185 634 1224 quae
659 1171 815 1212 breviter
839 1181 977 1212 tantum
1003 1170 1215 1226 perstrinxit
1238 1170 1456 1219 Ahrensius,
1481 1171 1610 1211 eadem
1635 1169 1848 1223 singillatim
1872 1171 1985 1211 multo
2010 1171 2101 1211 ube-

272 1242 349 1281 rius
374 1243 605 1296 explicarunt
631 1243 698 1283 alii
724 1243 853 1285 critici.
907 1244 983 1296 Qui
1008 1229 1158 1299 quidem
1192 1253 1233 1285 ut
1268 1245 1444 1285 haberent
1478 1258 1551 1298 quo
1584 1243 1782 1284 niterentur
1814 1243 2100 1295 fundamentum,

272 1314 321 1353 ab
347 1315 586 1369 explorandis
610 1315 751 1356 mutuis
777 1316 942 1363 codicum
967 1317 1169 1359 rationibus
1205 1317 1360 1372 profecti
1394 1326 1491 1359 suut.
1541 1318 1633 1370 *Quo
1662 1317 1702 1357 in
1733 1330 1867 1369 genere
1902 1317 2100 1370 singularis

271 1387 353 1427 laus
380 1388 531 1434 debetur
555 1388 921 1441 Marckscheffeli02)
948 1399 985 1430 et
1010 1390 1075 1444 qui
1100 1383 1260 1431 codicem
1286 1389 1492 1430 Mediceum
1517 1389 1627 1442 longe
1639 1387 1797 1429 omnium
1812 1389 2101 1442 antiquissimum

273 1468 310 1498 et
333 1460 681 1514 praestantissimum
706 1462 826 1504 denuo
850 1463 1030 1505 laudabili
1064 1463 1186 1505 studio
1219 1462 1437 1517 perscrutati
1460 1472 1567 1514 sunt,
1601 1462 1730 1503 loanni
1753 1462 1956 1515 Franzio³)
1992 1452 2101 1516 atque

275 1532 410 1570 Gai-olo
442 1533 602 1574 Prienio.
611 1534 656 1585 4)

375 1676 451 1715 Sed
478 1676 516 1714 in
543 1678 703 1720 metricis
729 1694 876 1733 quoque
893 1680 1096 1721 rationibus
1119 1679 1295 1734 Aeschyli
1321 1678 1443 1718 dedita
1478 1692 1590 1733 opera
1623 1678 1888 1731 investigandis
1921 1679 2103 1733 probabili

271 1747 420 1787 consilio
455 1748 688 1789 elaborarunt
722 1760 868 1804 praeter
900 1753 1024 1807 ipsum
1059 1751 1278 1792 Ahrensium
1309 1750 1655 1803 Bambergerus,⁶)
1689 1751 1903 1803 Engerw)
1937 1760 1974 1791 et
2007 1751 2101 1791 Din-

294 1936 329 1979 1)
351 1935 410 1970 De
436 1937 561 1972 causis
585 1936 814 1985 quibusdam
837 1938 1026 1989 Aeschyli
1051 1938 1227 1975 noudum
1257 1940 1350 1975 satis
1377 1937 1583 1975 emendati.
1631 1937 1855 1992 Gottingae.
1882 1939 2001 1978 1832..

294 2028 334 2073 2)
358 2028 417 2121 lese
438 2027 711 2124 {megdGationle
735 2030 891 2067 fabulae
915 2030 1148 2081 Aeschyliae
1186 2043 1285 2081 quae
1316 2029 1519 2085 Supplices
1552 2029 1785 2069 inscribitur.
1830 2029 1969 2069 Rhein.
1987 2021 2101 2068 ΔΜιιε.

272 2098 276 2102 ’
402 2087 569 2126 ,.14
623 2089 859 2137 p.615qq.

297 2178 337 2220 ὁ)
359 2177 438 2212 Des
461 2175 682 2227 Aeschylos
706 2180 894 2218 Oresteia.
917 2194 956 2230 p.
978 2181 1049 2219 303
1072 2192 1160 2231 sqq·

295 2270 335 2313 4>
358 2269 438 2304 Des
462 2268 680 2320 Aeschylos
709 2274 882 2311 Oresteia
911 2287 989 2311 von
1019 2273 1218 2310 Johannes
1250 2274 1384 2310 Franz.
1437 2273 1574 2311 Rhein.
1605 2276 1708 2312 Mus.
1738 2276 1810 2317 VI,
1842 2276 1878 2312 4.
1927 2273 2028 2311 1848.
2059 2286 2099 2321 p.

363 2326 429 2363 561
456 2336 541 2376 sqq.
588 2327 715 2365 Ueber
739 2329 799 2367 die
814 2331 949 2368 Perser
973 2330 1041 2368 des
1066 2328 1297 2382 Aeschylos.
1344 2329 1440 2369 Ibid.
1464 2332 1545 2376 Vll,
1570 2333 1606 2373 2.
1634 2333 1722 2373 1849
1744 2345 1782 2382 p·
1805 2332 1974 2380 208sqq·
2019 2329 2098 2367 Des

363 2381 583 2434 Aeschylos
609 2386 784 2424 Oresteia
807 2400 882 2425 von
905 2388 1102 2427 Johannes
1125 2388 1261 2425 Franz.
1307 2387 1403 2426 Ibid.
1426 2391 1507 2434 vn,
1530 2393 1566 2431 3.
1593 2393 1682 2431 1850
1716 2403 1754 2439 p.
1777 2390 1848 2427 370
1869 2399 1955 2437 sqq·

291 2484 332 2530 5)
356 2484 415 2520 De
439 2479 672 2520 carminibus
696 2479 919 2532 Aeschyleis
942 2497 963 2520 a
987 2483 1162 2533 partibus
1187 2482 1296 2520 chori
1321 2486 1496 2523 cantatis.
1546 2484 1747 2533 Marburgi
1760 2482 1971 2519 Cattorum.
1997 2483 2098 2522 1832.

289 2576 329 2623 6)
353 2576 411 2613 De
435 2573 656 2627 Aeschyliis
680 2573 1049 2626 antistrophicorum
1071 2577 1403 2630 responsionibus.
1449 2576 1714 2617 Vratislaviae.
1746 2576 1845 2617 1836.
