2382 2982
1083 213 1392 254 ...20-

289 344 374 384 aine
399 341 517 381 dubio
544 349 631 395 eget
656 353 695 382 V.
721 341 814 391 566,
840 352 952 392 quen
978 337 1094 378 nimio
1121 338 1383 392 scripturarum
1410 321 1646 387 vulgatarum
1673 334 1796 385 studio
1833 343 1964 387 captus
1996 334 2053 374 sic
2077 333 2171 374 acri·
2198 362 2203 364 >

293 415 371 470 psit
397 414 665 457 Wellauerusz

702 540 706 548 '
735 519 878 589 μητρός
913 553 954 578 τε
989 536 1144 591 πηγὴν
1179 540 1236 584 τίς
1261 538 1488 587 κατασβέσει
1514 536 1621 588 δίκης

299 684 378 724 Sed
404 683 601 724 dictionem
626 682 759 737 πηγὴν
785 684 1092 735 κατασβεννύναι
1117 680 1186 722 etei
1213 688 1358 722 constat
1383 694 1451 733 per
1469 694 1518 731 ae
1543 695 1626 722 esee
1652 661 1807 734 probaiu
1844 693 1912 719 nec
1936 678 2098 720 alienam
2123 680 2173 719 ab

299 757 501 810 Aeschylo,
528 755 687 795 eandem
713 764 837 795 tamen
864 755 935 793 hoc
960 755 1043 794 loco
1069 768 1165 807 nego
1192 754 1270 794 ullo
1297 752 1454 793 artificio
1482 751 1664 806 explicari
1690 765 1815 804 posse.
1869 754 1951 798 Nec,
1973 753 2174 805 quicquam
2254 788 2257 794 ,

298 827 513 882 proficimus
540 824 799 869 emendatione
825 825 1036 868 Schuetzii:

736 946 878 1007 μητρὸς
903 946 947 987 δὲ
972 946 1103 1000 πηγὴ
1129 949 1185 994 τίς
1209 950 1436 999 κατασβέσει
1463 947 1490 987 δ
1501 950 1517 987 ί
1526 962 1548 987 κ
1559 961 1582 998 η
1594 961 1634 995 ν,·

301 1064 358 1106 sic
383 1065 685 1120 interpretantis:
711 1065 853 1107 ‘matris
876 1049 967 1106 xvero
983 1063 1155 1117 (caesae)
1183 1063 1384 1105 vindictam
1409 1078 1498 1105 num
1512 1064 1596 1105 sona
1622 1062 1759 1117 aliquis
1771 1063 2026 1117 restinguet?
2079 1065 2175 1103 Nam

301 1152 371 1178 nec
407 1139 518 1191 δίκην
553 1139 858 1191 κατασβεννύναι
893 1152 962 1178 nec
1001 1138 1142 1191 μητρὸς
1179 1133 1272 1192 δίκή
1303 1152 1349 1178 ea
1386 1151 1461 1190 qua
1495 1135 1716 1177 Schuetzius
1752 1137 1869 1177 voluit
1907 1134 2177 1191 significatione

302 1225 436 1263 graece
462 1226 624 1263 unquam
652 1211 789 1251 dictum
816 1219 891 1251 est:
930 1220 1126 1264 praeterea
1164 1210 1281 1250 nimia
1318 1209 1541 1250 obscuritate
1576 1212 1669 1249 cum*
1698 1218 1796 1249 totus
1831 1225 1961 1251 versus
1998 1218 2075 1249 tum
2102 1222 2175 1248 vox

300 1283 403 1335 πηγὴ
429 1283 586 1322 laborat.
641 1282 743 1330 Quid
772 1281 915 1333 igitur?
969 1285 1068 1322 Num
1095 1282 1135 1321 in
1163 1282 1345 1334 scriptura
1372 1282 1529 1333 vulgata*
1552 1279 1859 1332 acquiescendum
1888 1296 1972 1321 cum
1999 1281 2176 1320 Wellau-

300 1368 362 1394 ero
390 1354 688 1406 Dindorfioque?
743 1354 987 1394 Wellauerus
1014 1353 1166 1405 quidem
1193 1366 1340 1393 versum
1366 1353 1472 1393 illum
1500 1352 1555 1392 sic
1580 1353 1867 1406 interpretatus:
1906 1353 2059 1400 ‘matris
2087 1367 2175 1393 vero

300 1427 437 1466 sontem
466 1426 652 1477 quodnam
678 1425 738 1464 ius
765 1425 969 1464 exsiccabit
996 1425 1024 1465 i.
1051 1439 1086 1466 e.
1114 1438 1275 1475 quonam
1303 1424 1383 1463 iure
1409 1424 1669 1463 exsiccabis2‘
1695 1446 1746 1454 -—
1776 1425 1905 1464 dubito
1937 1426 2176 1464 nnm‘lumen

300 1497 425 1537 verbis
453 1495 672 1548 Amphiarai
698 1495 873 1534 attulerit.
927 1497 1027 1532 Fons
1054 1495 1152 1533 enim
1178 1494 1244 1532 ille
1271 1493 1399 1533 matria
1426 1493 1517 1544 quid
1544 1493 1619 1533 sibi
1645 1495 1760 1543 velit,
1795 1509 1868 1534 non
1896 1504 1952 1534 est
1990 1504 2172 1547 apertum.

304 1572 361 1607 Au
389 1569 436 1607 de
463 1568 564 1605 sonte
590 1565 751 1605 Dircaeo
780 1564 963 1616 cogitabis
1002 1578 1086 1603 cum
1123 1564 1345 1616 quibusdam
1383 1562 1681 1616 interpretibus?
1734 1566 1849 1618 Atqui
1884 1565 1968 1605 sons
1994 1565 2177 1606 Dircaeus

303 1656 370 1681 nec
396 1640 545 1680 omnino
572 1637 849 1677 commemorari
877 1637 1055 1676 hocloco
1081 1650 1105 1676 a
1143 1644 1255 1689 poeta
1294 1649 1364 1675 nec
1398 1636 1540 1689 μητρὸς
1575 1637 1681 1690 πηγὴ
1718 1625 1793 1677 dici
1828 1638 1962 1691 potuit.
2015 1637 2092 1679 sed
2129 1640 2177 1679 de

302 1710 466 1750 lacrimis
493 1709 638 1762 patriae
664 1707 848 1759 cogitasse
874 1716 1022 1760 poetam
1049 1707 1205 1747 fortasse
1230 1706 1431 1746 verisimile
1463 1708 1552 1747 est?
1616 1710 1668 1748 At
1699 1708 1773 1748 liae
1807 1709 1973 1749 insulsae
2009 1709 2175 1751 scholia-

303 1791 443 1823 starum
469 1793 594 1831 nugae
619 1786 725 1819 sunt:
753 1779 987 1821 lacrimarum
1003 1778 1113 1819 ‹enim
1139 1777 1375 1831 significatio,
1402 1779 1450 1820 de
1474 1785 1550 1832 qua
1574 1779 1782 1833 cogitarunt
1807 1780 2031 1822 scholiastae
2058 1780 2176 1822 veluti

303 1852 395 1909 talia
421 1851 674 1890 alucinantes:
702 1851 750 1891 τὰ
777 1852 926 1901 δάκρυα
952 1853 1017 1902 τῆς
1041 1851 1231 1903 πατρίδος
1266 1855 1367 1891 ποία
1404 1852 1549 1892 παύσει
1585 1856 1765 1904 τιμωρίας
1792 1852 2090 1904 „haudquaquam
2115 1853 2175 1892 in-

301 1936 385 1963 esse
412 1930 535 1976 potest
560 1921 598 1961 in
626 1935 716 1962 voce
740 1922 856 1975 πηγή.
912 1923 1020 1970 Quae
1047 1936 1128 1962 cum
1157 1921 1210 1962 ita
1248 1935 1331 1963 sese
1367 1921 1553 1974 habeant,
1591 1936 1665 1963 una
1701 1930 1841 1964 tantum
1873 1922 2022 1966 literula
2048 1923 2175 1966 addita

301 2007 450 2033 versum
478 1993 585 2032 illum
612 1992 683 2031 hoc
708 1993 815 2031 modo
843 1993 1114 2034 emendandum
1141 2006 1225 2038 esse
1251 1993 1431 2034 coniiciu:

743 2113 883 2164 μητρός
908 2128 948 2152 τε
985 2114 1052 2154 πλ
1063 2129 1118 2166 ηγ
1129 2112 1152 2165 ἢ
1163 2127 1187 2155 ν
1223 2116 1280 2161 τίς
1314 2116 1538 2166 κατασβέσει
1565 2116 1650 2168 δίκη
1653 2134 1668 2165 ‚-

297 2235 443 2290 μητρὸς
467 2233 598 2287 πληγὴ
624 2231 753 2273 matris
778 2233 911 2275 vulnus
936 2245 1015 2275 est:
1044 2247 1127 2274 cum
1154 2234 1347 2276 matricida
1374 2235 1473 2277 enim
1499 2246 1588 2291 apte
1613 2237 1662 2278 ab
1687 2236 1916 2292 Amphiarao
1942 2243 2174 2289 comparatur

299 2307 511 2361 Polynices,
527 2313 580 2343 *ut
608 2304 673 2356 qui
700 2304 844 2357 patriae
869 2305 896 2346 i.
923 2321 958 2347 e.
985 2306 1094 2346 matri
1120 2320 1213 2346 suae
1241 2307 1308 2357 (cf.
1337 2322 1373 2350 v·
1403 2310 1475 2360 16)
1501 2310 1654 2362 plagam
1682 2309 1885 2349 iniecturus
1911 2306 1972 2348 sit.

402 2429 546 2470 Eadem
572 2427 838 2483 probabilitate
864 2443 931 2468 nec
957 2430 1163 2472 difficiliore
1189 2445 1304 2486 opera
1332 2431 1468 2485 corrigi
1495 2442 1617 2486 potest
1644 2446 1681 2473 v,
1710 2431 1792 2472 595
1813 2453 1837 2469 a

734 2546 901 2585 τείνουσι
926 2544 1108 2598 πομπὴν,
1134 2545 1216 2599 τὴν
1240 2545 1444 2599 μακρὰν
1469 2546 1632 2587 πόλιν
1663 2539 1818 2595 μολεῖν,
